<?xml version="1.0" encoding="UTF-8"?>
<!DOCTYPE html PUBLIC "-//W3C//DTD XHTML 1.0 Transitional//EN"
    "http://www.w3.org/TR/xhtml1/DTD/xhtml1-transitional.dtd">
<html xmlns="http://www.w3.org/1999/xhtml" xml:lang="en" lang="en">
 <head>
  <title>
</title>
<meta http-equiv="Content-Type" content="text/html;charset=utf-8" />
  <meta name='ocr-system' content='tesseract 3.04.00' />
  <meta name='ocr-capabilities' content='ocr_page ocr_carea ocr_par ocr_line ocrx_word'/>
</head>
<body>
  <div class='ocr_page' id='page_1' title='image "bibliothecabotan01hall_0012.png"; bbox 0 0 2138 2854; ppageno 0'>
   <div class='ocr_carea' id='block_1_1' title="bbox 456 106 495 134">
    <p class='ocr_par' dir='ltr' id='par_1_1' title="bbox 456 106 495 134">
     <span class='ocr_line' id='line_1_1' title="bbox 456 106 495 134; baseline 0 -2"><span class='ocrx_word' id='word_1_1' title='bbox 456 106 495 134; x_wconf 73' lang='lat' dir='ltr'>vl</span> 
     </span>
    </p>
   </div>
   <div class='ocr_carea' id='block_1_2' title="bbox 455 214 2002 552">
    <p class='ocr_par' dir='ltr' id='par_1_2' title="bbox 455 214 2002 552">
     <span class='ocr_line' id='line_1_2' title="bbox 457 214 2002 288; baseline -0.006 -10"><span class='ocrx_word' id='word_1_2' title='bbox 457 223 679 287; x_wconf 79' lang='lat' dir='ltr'>coluisti,</span> <span class='ocrx_word' id='word_1_3' title='bbox 724 222 801 276; x_wconf 85' lang='lat' dir='ltr'>sed</span> <span class='ocrx_word' id='word_1_4' title='bbox 843 219 1041 274; x_wconf 77' lang='lat' dir='ltr'>ornasti.</span> <span class='ocrx_word' id='word_1_5' title='bbox 1122 219 1330 271; x_wconf 75' lang='lat' dir='ltr'>Natura:</span> <span class='ocrx_word' id='word_1_6' title='bbox 1362 216 1640 271; x_wconf 85' lang='lat' dir='ltr'>Historiam</span> <span class='ocrx_word' id='word_1_7' title='bbox 1685 214 1736 268; x_wconf 89' lang='lat' dir='ltr'>in</span> <span class='ocrx_word' id='word_1_8' title='bbox 1775 215 1869 288; x_wconf 83' lang='lat' dir='ltr'>ipsa</span> <span class='ocrx_word' id='word_1_9' title='bbox 1896 216 2002 271; x_wconf 82' lang='lat' dir='ltr'>Na-</span> 
     </span>
     <span class='ocr_line' id='line_1_3' title="bbox 455 339 2002 418; baseline -0.008 -12"><span class='ocrx_word' id='word_1_10' title='bbox 455 371 576 414; x_wconf 66' lang='lat' dir='ltr'>tura„</span> <span class='ocrx_word' id='word_1_11' title='bbox 597 350 808 404; x_wconf 88' lang='lat' dir='ltr'>didicisti</span> <span class='ocrx_word' id='word_1_12' title='bbox 832 372 841 400; x_wconf 74' lang='grc' dir='ltr'>ι</span> <span class='ocrx_word' id='word_1_13' title='bbox 884 346 1038 400; x_wconf 86' lang='lat' dir='ltr'>adiisti</span> <span class='ocrx_word' id='word_1_14' title='bbox 1062 345 1214 400; x_wconf 84' lang='lat' dir='ltr'>varias</span> <span class='ocrx_word' id='word_1_15' title='bbox 1243 344 1472 418; x_wconf 84' lang='lat' dir='ltr'>regiones</span> <span class='ocrx_word' id='word_1_16' title='bbox 1491 383 1502 403; x_wconf 93' lang='lat'><em>,</em></span> <span class='ocrx_word' id='word_1_17' title='bbox 1545 346 1596 396; x_wconf 73' lang='grc' dir='ltr'>ὅ(</span> <span class='ocrx_word' id='word_1_18' title='bbox 1625 342 1889 415; x_wconf 81' lang='lat' dir='ltr'>impeditas</span> <span class='ocrx_word' id='word_1_19' title='bbox 1909 339 2002 397; x_wconf 86' lang='lat' dir='ltr'>Al-</span> 
     </span>
     <span class='ocr_line' id='line_1_4' title="bbox 456 468 2001 552; baseline -0.007 -20"><span class='ocrx_word' id='word_1_20' title='bbox 456 500 539 552; x_wconf 82' lang='lat' dir='ltr'>pes</span> <span class='ocrx_word' id='word_1_21' title='bbox 557 478 791 532; x_wconf 88' lang='lat' dir='ltr'>cominus</span> <span class='ocrx_word' id='word_1_22' title='bbox 814 495 862 528; x_wconf 86' lang='lat' dir='ltr'>es</span> <span class='ocrx_word' id='word_1_23' title='bbox 885 470 1282 544; x_wconf 56' lang='lat' dir='ltr'>contemplum,</span> <span class='ocrx_word' id='word_1_24' title='bbox 1311 470 1506 545; x_wconf 86' lang='lat' dir='ltr'>ubique</span> <span class='ocrx_word' id='word_1_25' title='bbox 1530 469 1715 524; x_wconf 86' lang='lat' dir='ltr'>telluris</span> <span class='ocrx_word' id='word_1_26' title='bbox 1736 468 2001 535; x_wconf 85' lang='lat' dir='ltr'>fabricam,</span> 
     </span>
    </p>
   </div>
   <div class='ocr_carea' id='block_1_3' title="bbox 457 595 2002 677">
    <p class='ocr_par' dir='ltr' id='par_1_3' title="bbox 457 595 2002 677">
     <span class='ocr_line' id='line_1_5' title="bbox 457 595 2002 677; baseline -0.008 -17"><span class='ocrx_word' id='word_1_27' title='bbox 457 606 823 677; x_wconf 83' lang='lat' dir='ltr'>DIVINAEque</span> <span class='ocrx_word' id='word_1_28' title='bbox 864 602 916 653; x_wconf 88' lang='lat' dir='ltr'>in</span> <span class='ocrx_word' id='word_1_29' title='bbox 969 619 1026 653; x_wconf 88' lang='lat' dir='ltr'>ea</span> <span class='ocrx_word' id='word_1_30' title='bbox 1065 600 1457 654; x_wconf 88' lang='lat' dir='ltr'>SAPIENTIAE</span> <span class='ocrx_word' id='word_1_31' title='bbox 1501 597 1700 671; x_wconf 88' lang='lat' dir='ltr'>vestigia</span> <span class='ocrx_word' id='word_1_32' title='bbox 1727 634 1745 658; x_wconf 93' lang='lat'><em>,</em></span> <span class='ocrx_word' id='word_1_33' title='bbox 1794 595 2002 670; x_wconf 83' lang='lat' dir='ltr'>propriis</span> 
     </span>
    </p>
   </div>
   <div class='ocr_carea' id='block_1_4' title="bbox 457 725 1105 789">
    <p class='ocr_par' dir='ltr' id='par_1_4' title="bbox 457 725 1105 789">
     <span class='ocr_line' id='line_1_6' title="bbox 457 725 1105 789; baseline -0.012 -2"><span class='ocrx_word' id='word_1_34' title='bbox 457 734 698 789; x_wconf 84' lang='lat' dir='ltr'>scrutatus</span> <span class='ocrx_word' id='word_1_35' title='bbox 732 749 781 783; x_wconf 88' lang='lat' dir='ltr'>es</span> <span class='ocrx_word' id='word_1_36' title='bbox 830 725 1105 782; x_wconf 85' lang='lat' dir='ltr'>laboribus.</span> 
     </span>
    </p>
   </div>
   <div class='ocr_carea' id='block_1_5' title="bbox 406 953 2015 2054">
    <p class='ocr_par' dir='ltr' id='par_1_5' title="bbox 406 953 2015 2054">
     <span class='ocr_line' id='line_1_7' title="bbox 573 953 2007 1035; baseline -0.001 -20"><span class='ocrx_word' id='word_1_37' title='bbox 573 964 782 1035; x_wconf 77' lang='lat' dir='ltr'>Magnae</span> <span class='ocrx_word' id='word_1_38' title='bbox 816 958 892 1013; x_wconf 84' lang='lat' dir='ltr'>hae</span> <span class='ocrx_word' id='word_1_39' title='bbox 924 958 1092 1011; x_wconf 84' lang='lat' dir='ltr'>laudes</span> <span class='ocrx_word' id='word_1_40' title='bbox 1118 957 1257 1022; x_wconf 90' lang='lat' dir='ltr'>sunt,</span> <span class='ocrx_word' id='word_1_41' title='bbox 1310 959 1363 1010; x_wconf 72' lang='grc' dir='ltr'>δι</span> <span class='ocrx_word' id='word_1_42' title='bbox 1399 957 1451 1010; x_wconf 84' lang='lat' dir='ltr'>in</span> <span class='ocrx_word' id='word_1_43' title='bbox 1480 955 1636 1013; x_wconf 90' lang='lat' dir='ltr'>TUO</span> <span class='ocrx_word' id='word_1_44' title='bbox 1670 953 1847 1011; x_wconf 87' lang='lat' dir='ltr'>ordine</span> <span class='ocrx_word' id='word_1_45' title='bbox 1879 977 2007 1030; x_wconf 85' lang='lat' dir='ltr'>pene</span> 
     </span>
     <span class='ocr_line' id='line_1_8' title="bbox 462 1084 2006 1159; baseline -0.003 -16"><span class='ocrx_word' id='word_1_46' title='bbox 462 1090 652 1144; x_wconf 85' lang='lat' dir='ltr'>unicae:</span> <span class='ocrx_word' id='word_1_47' title='bbox 692 1086 798 1141; x_wconf 80' lang='lat' dir='ltr'>aliae</span> <span class='ocrx_word' id='word_1_48' title='bbox 833 1104 1007 1141; x_wconf 85' lang='lat' dir='ltr'>tamen</span> <span class='ocrx_word' id='word_1_49' title='bbox 1039 1084 1295 1157; x_wconf 83' lang='lat' dir='ltr'>supersunt</span> <span class='ocrx_word' id='word_1_50' title='bbox 1324 1086 1378 1136; x_wconf 85' lang='lat'>&amp;</span> <span class='ocrx_word' id='word_1_51' title='bbox 1408 1085 1568 1159; x_wconf 88' lang='lat' dir='ltr'>magis</span> <span class='ocrx_word' id='word_1_52' title='bbox 1605 1087 1736 1139; x_wconf 82' lang='lat' dir='ltr'>TIBI</span> <span class='ocrx_word' id='word_1_53' title='bbox 1765 1087 2006 1158; x_wconf 86' lang='lat' dir='ltr'>propriae,</span> 
     </span>
     <span class='ocr_line' id='line_1_9' title="bbox 463 1210 2010 1290; baseline -0.003 -19"><span class='ocrx_word' id='word_1_54' title='bbox 463 1220 516 1271; x_wconf 70' lang='grc' dir='ltr'>ὅ(</span> <span class='ocrx_word' id='word_1_55' title='bbox 553 1235 674 1290; x_wconf 83' lang='lat' dir='ltr'>quas</span> <span class='ocrx_word' id='word_1_56' title='bbox 707 1214 938 1269; x_wconf 89' lang='lat' dir='ltr'>universo</span> <span class='ocrx_word' id='word_1_57' title='bbox 982 1212 1157 1288; x_wconf 81' lang='lat' dir='ltr'>generi</span> <span class='ocrx_word' id='word_1_58' title='bbox 1197 1210 1431 1265; x_wconf 88' lang='lat' dir='ltr'>humano</span> <span class='ocrx_word' id='word_1_59' title='bbox 1476 1214 1562 1265; x_wconf 87' lang='lat' dir='ltr'>TE</span> <span class='ocrx_word' id='word_1_60' title='bbox 1601 1231 1776 1266; x_wconf 81' lang='lat' dir='ltr'>carum</span> <span class='ocrx_word' id='word_1_61' title='bbox 1809 1230 2010 1285; x_wconf 87' lang='lat' dir='ltr'>oportet</span> 
     </span>
     <span class='ocr_line' id='line_1_10' title="bbox 463 1337 2011 1412; baseline -0.003 -15"><span class='ocrx_word' id='word_1_62' title='bbox 463 1343 680 1398; x_wconf 83' lang='lat' dir='ltr'>reddere.</span> <span class='ocrx_word' id='word_1_63' title='bbox 761 1342 955 1396; x_wconf 87' lang='lat' dir='ltr'>Frustra</span> <span class='ocrx_word' id='word_1_64' title='bbox 980 1340 1181 1395; x_wconf 62' lang='lat' dir='ltr'>saeviunt</span> <span class='ocrx_word' id='word_1_65' title='bbox 1204 1337 1376 1404; x_wconf 84' lang='lat' dir='ltr'>felicis,</span> <span class='ocrx_word' id='word_1_66' title='bbox 1406 1337 1482 1390; x_wconf 87' lang='lat' dir='ltr'>sed</span> <span class='ocrx_word' id='word_1_67' title='bbox 1499 1358 1609 1412; x_wconf 85' lang='lat' dir='ltr'>quae</span> <span class='ocrx_word' id='word_1_68' title='bbox 1634 1338 1773 1393; x_wconf 86' lang='lat' dir='ltr'>bona</span> <span class='ocrx_word' id='word_1_69' title='bbox 1794 1341 1877 1393; x_wconf 83' lang='lat' dir='ltr'>sua</span> <span class='ocrx_word' id='word_1_70' title='bbox 1902 1359 2011 1392; x_wconf 89' lang='lat' dir='ltr'>non</span> 
     </span>
     <span class='ocr_line' id='line_1_11' title="bbox 463 1465 2011 1542; baseline 0 -18"><span class='ocrx_word' id='word_1_71' title='bbox 463 1471 635 1534; x_wconf 86' lang='lat' dir='ltr'>novit,</span> <span class='ocrx_word' id='word_1_72' title='bbox 674 1472 726 1522; x_wconf 72' lang='grc' dir='ltr'>δε</span> <span class='ocrx_word' id='word_1_73' title='bbox 749 1467 1019 1523; x_wconf 87' lang='lat' dir='ltr'>liberrimae</span> <span class='ocrx_word' id='word_1_74' title='bbox 1041 1467 1207 1542; x_wconf 85' lang='lat' dir='ltr'>gentis</span> <span class='ocrx_word' id='word_1_75' title='bbox 1230 1469 1336 1526; x_wconf 86' lang='lat' dir='ltr'>irae‚</span> <span class='ocrx_word' id='word_1_76' title='bbox 1363 1466 1536 1519; x_wconf 84' lang='lat' dir='ltr'>frustra</span> <span class='ocrx_word' id='word_1_77' title='bbox 1561 1465 1651 1520; x_wconf 84' lang='lat' dir='ltr'>sibi</span> <span class='ocrx_word' id='word_1_78' title='bbox 1670 1467 2011 1539; x_wconf 82' lang='lat' dir='ltr'>injustiffimos</span> 
     </span>
     <span class='ocr_line' id='line_1_12' title="bbox 466 1585 2013 1668; baseline 0.001 -17"><span class='ocrx_word' id='word_1_79' title='bbox 466 1597 711 1652; x_wconf 82' lang='lat' dir='ltr'>clamores</span> <span class='ocrx_word' id='word_1_80' title='bbox 739 1596 996 1651; x_wconf 84' lang='lat' dir='ltr'>calumnia</span> <span class='ocrx_word' id='word_1_81' title='bbox 1025 1596 1304 1668; x_wconf 86' lang='lat' dir='ltr'>permittit:</span> <span class='ocrx_word' id='word_1_82' title='bbox 1349 1593 1496 1648; x_wconf 87' lang='lat' dir='ltr'>nullo</span> <span class='ocrx_word' id='word_1_83' title='bbox 1523 1585 1613 1649; x_wconf 85' lang='lat' dir='ltr'>suo</span> <span class='ocrx_word' id='word_1_84' title='bbox 1641 1593 1862 1650; x_wconf 87' lang='lat' dir='ltr'>efficient</span> <span class='ocrx_word' id='word_1_85' title='bbox 1891 1596 2013 1652; x_wconf 89' lang='lat' dir='ltr'>stre-</span> 
     </span>
     <span class='ocr_line' id='line_1_13' title="bbox 464 1723 2012 1800; baseline 0 -21"><span class='ocrx_word' id='word_1_86' title='bbox 464 1727 572 1798; x_wconf 89' lang='lat' dir='ltr'>pitu</span> <span class='ocrx_word' id='word_1_87' title='bbox 595 1766 612 1792; x_wconf 88' lang='lat'><strong>,</strong></span> <span class='ocrx_word' id='word_1_88' title='bbox 650 1728 776 1800; x_wconf 89' lang='lat' dir='ltr'>quin</span> <span class='ocrx_word' id='word_1_89' title='bbox 809 1724 1059 1800; x_wconf 89' lang='lat' dir='ltr'>quidquid</span> <span class='ocrx_word' id='word_1_90' title='bbox 1093 1725 1159 1776; x_wconf 92' lang='lat' dir='ltr'>est</span> <span class='ocrx_word' id='word_1_91' title='bbox 1198 1724 1435 1776; x_wconf 82' lang='lat' dir='ltr'>sanorum</span> <span class='ocrx_word' id='word_1_92' title='bbox 1462 1763 1474 1782; x_wconf 93' lang='lat'>,</span> <span class='ocrx_word' id='word_1_93' title='bbox 1526 1723 1803 1799; x_wconf 73' lang='lat' dir='ltr'>sobriaeque</span> <span class='ocrx_word' id='word_1_94' title='bbox 1828 1725 2012 1779; x_wconf 83' lang='lat' dir='ltr'>mentis</span> 
     </span>
     <span class='ocr_line' id='line_1_14' title="bbox 406 1844 2015 1916; baseline -0.001 -9"><span class='ocrx_word' id='word_1_95' title='bbox 406 1844 426 1851; x_wconf 61' lang='lat'>„</span> <span class='ocrx_word' id='word_1_96' title='bbox 467 1851 800 1916; x_wconf 78' lang='lat' dir='ltr'>mortalium,</span> <span class='ocrx_word' id='word_1_97' title='bbox 845 1852 979 1906; x_wconf 79' lang='lat' dir='ltr'>Tissl</span> <span class='ocrx_word' id='word_1_98' title='bbox 1027 1852 1308 1905; x_wconf 85' lang='lat' dir='ltr'>maximum</span> <span class='ocrx_word' id='word_1_99' title='bbox 1348 1870 1530 1904; x_wconf 86' lang='lat' dir='ltr'>eorum</span> <span class='ocrx_word' id='word_1_100' title='bbox 1561 1851 1783 1907; x_wconf 86' lang='lat' dir='ltr'>debeant</span> <span class='ocrx_word' id='word_1_101' title='bbox 1819 1851 2015 1906; x_wconf 85' lang='lat' dir='ltr'>officio-</span> 
     </span>
     <span class='ocr_line' id='line_1_15' title="bbox 467 1978 2011 2054; baseline -0.001 -20"><span class='ocrx_word' id='word_1_102' title='bbox 467 2000 610 2045; x_wconf 86' lang='lat' dir='ltr'>rum,</span> <span class='ocrx_word' id='word_1_103' title='bbox 663 1999 769 2054; x_wconf 89' lang='lat' dir='ltr'>quo</span> <span class='ocrx_word' id='word_1_104' title='bbox 801 1980 1019 2034; x_wconf 79' lang='lat' dir='ltr'>Patriam</span> <span class='ocrx_word' id='word_1_105' title='bbox 1052 1978 1141 2031; x_wconf 86' lang='lat' dir='ltr'>fibi</span> <span class='ocrx_word' id='word_1_106' title='bbox 1171 1979 1288 2033; x_wconf 89' lang='lat' dir='ltr'>civis</span> <span class='ocrx_word' id='word_1_107' title='bbox 1321 1980 1543 2049; x_wconf 85' lang='lat' dir='ltr'>optimus</span> <span class='ocrx_word' id='word_1_108' title='bbox 1574 1979 1826 2035; x_wconf 85' lang='lat' dir='ltr'>devincire</span> <span class='ocrx_word' id='word_1_109' title='bbox 1852 1980 2011 2052; x_wconf 77' lang='lat' dir='ltr'>possit.</span> 
     </span>
    </p>
   </div>
   <div class='ocr_carea' id='block_1_6' title="bbox 467 2105 2015 2180">
    <p class='ocr_par' dir='ltr' id='par_1_6' title="bbox 467 2105 2015 2180">
     <span class='ocr_line' id='line_1_16' title="bbox 467 2105 2015 2180; baseline -0.001 -18"><span class='ocrx_word' id='word_1_110' title='bbox 467 2107 723 2168; x_wconf 82' lang='lat' dir='ltr'>Educasti‚</span> <span class='ocrx_word' id='word_1_111' title='bbox 760 2127 940 2162; x_wconf 81' lang='lat' dir='ltr'>natum</span> <span class='ocrx_word' id='word_1_112' title='bbox 980 2105 1218 2180; x_wconf 86' lang='lat' dir='ltr'>equidem</span> <span class='ocrx_word' id='word_1_113' title='bbox 1240 2107 1300 2158; x_wconf 81' lang='lat' dir='ltr'>ad</span> <span class='ocrx_word' id='word_1_114' title='bbox 1334 2125 1516 2160; x_wconf 86' lang='lat' dir='ltr'>omncs</span> <span class='ocrx_word' id='word_1_115' title='bbox 1540 2108 1771 2172; x_wconf 79' lang='lat' dir='ltr'>virtute5‚</span> <span class='ocrx_word' id='word_1_116' title='bbox 1816 2107 1894 2161; x_wconf 90' lang='lat' dir='ltr'>sed</span> <span class='ocrx_word' id='word_1_117' title='bbox 1931 2107 2015 2161; x_wconf 84' lang='lat' dir='ltr'>ad-</span> 
     </span>
    </p>
   </div>
   <div class='ocr_carea' id='block_1_7' title="bbox 1849 2236 2013 2307">
    <p class='ocr_par' dir='ltr' id='par_1_7' title="bbox 1849 2236 2013 2307">
     <span class='ocr_line' id='line_1_17' title="bbox 1849 2236 2013 2307; baseline 0 -19"><span class='ocrx_word' id='word_1_118' title='bbox 1849 2236 2013 2307; x_wconf 83' lang='lat' dir='ltr'>juvisti</span> 
     </span>
    </p>
   </div>
  </div>
 </body>
</html>
