2138 2854
432 178 541 213 CAP.
573 180 599 211 I.
652 175 931 215 ORIGINES
974 176 1066 213 REI
1102 176 1408 217 HERBARIAE.
1658 185 1685 224 ,ς

143 272 238 308 strat.
289 271 380 307 Nam
396 270 488 306 horti
497 272 693 307 Malabarici
715 276 783 312 800
796 272 936 307 Tabulae
957 270 1056 317 supra
1069 273 1160 307 mille
1174 272 1327 318 stirpium
1345 273 1470 319 figuras
1492 276 1682 314 continent.

149 331 266 354 omnes
280 320 476 354 nominibus
491 319 615 354 Indicis
631 318 812 358 distinctas,
836 321 867 354 &
877 320 1145 357 Coromandeliae
1156 321 1293 355 medicis
1305 323 1412 356 multo
1427 322 1586 366 majorem
1603 324 1639 356 in
1649 335 1684 357 re

143 365 300 401 herbaria
322 367 530 412 diligentiam
553 364 673 405 inesse,
702 366 933 402 demonstrant
947 393 956 406 ,
991 380 1093 413 quarn
1112 369 1166 404 vel
1184 369 1223 405 iu
1242 370 1368 407 Graccis
1389 368 1492 406 fuerit
1506 395 1515 410 ,
1549 370 1605 407 vel
1629 370 1685 404 de-

148 425 243 449 mum
265 424 342 449 ante
372 415 545 450 CLUSIUM
574 414 605 449 ὃς
629 413 845 450 GESNERUM
870 415 909 449 in
928 415 1115 461 Europaeis.

243 485 358 520 Exstat
378 486 468 521 inter
491 498 564 520 mea
584 483 744 521 ficcarum
764 484 919 530 stirpium
936 488 1114 522 volumina
1133 501 1205 523 non
1222 489 1398 524 mediocris
1420 488 1596 525 fasciculus
1617 503 1686 525 me«

146 545 263 568 rorum
285 533 496 578 graminum,
533 546 608 578 quae
634 531 701 567 suis
728 545 805 569 cum
824 534 1035 569 Malabaricis
1064 537 1261 572 nominibus
1289 537 1411 573 medici
1438 539 1509 583 ejus
1537 539 1685 584 regionis

145 581 314 625 indigenae
333 581 472 614 Danicis
495 581 589 615 verbi
611 581 720 615 divini
741 581 976 621 Praeconibus,
1003 581 1041 616 hi
1065 583 1138 620 ILL.
1169 585 1251 619 olim
1273 585 1506 621 ARCfflATRo
1533 586 1684 632 JOHAN-

147 638 188 664 Nl
217 630 403 663 AUGUSTO
433 627 473 662 dc
498 629 616 663 HUGO
644 627 826 668 miserunt,
851 628 910 663 iste
930 642 992 674 pro
1012 628 1093 669 suo,
1121 644 1189 675 quo
1209 644 1261 666 me
1277 631 1538 715 proschtur
1554 632 1680 672 fiivore.

145 675 232 710 mihi
253 675 404 709 donavit.
457 676 604 710 Plurima
630 674 708 710 sunt
726 702 735 715 ‚
771 677 1017 722 perelegantia‚
1055 679 1086 712 &
1114 691 1256 713 numero
1279 678 1338 714 suo
1362 681 1443 715 ima..
1493 679 1565 715 sum
1588 680 1684 726 supe-

145 731 246 763 rant,
284 723 449 767 quidquid
477 723 517 757 de
546 723 755 768 graminibus
783 732 913 759 veteres
942 725 1054 760 Graeci
1082 727 1114 760 &
1147 727 1261 761 Latini
1288 728 1510 772 reliquerunt.
1586 729 1684 763 Olim

148 771 322 810 STRABO‚
360 771 507 805 medicos
533 770 664 805 indicos
693 771 827 805 cibandi
853 772 984 808 ratione
1001 798 1010 812 ‚
1048 774 1210 807 unctione
1239 776 1270 809 Sc
1299 777 1589 818 cataplasmatibus
1616 777 1681 814 uti,

147 819 289 852 omnino
309 826 349 852 ut
371 818 556 863 AEgyptios.
632 818 806 863 Zeyloniae
833 819 953 855 incolae
975 818 1042 854 suis
1064 821 1187 865 plantis
1209 822 1345 857 morbos
1367 821 1443 860 suos
1468 822 1588 860 sanant
1602 850 1612 862 ‚
1651 825 1682 858 &

143 865 281 900 decocta
302 865 431 909 aliaque
455 865 601 899 remedia
622 878 736 910 parare
758 876 889 903 norunt
913 866 981 913 (6).
1034 868 1251 905 CHINENSES
1276 871 1468 915 plantarum
1493 869 1684 905 studiofiffi-

139 913 192 947 -mi
218 910 315 957 (ἢ),
355 912 396 946 ad
421 913 612 948 HOANGTI
639 911 716 957 (1),
753 914 894 949 tertium
922 915 1032 959 genus
1062 928 1081 949 a
1105 916 1204 952 FOHI
1242 917 1388 952 conditae
1421 919 1681 958 Imperatorem,

144 959 283 995 medicae
302 960 382 994 artis
394 961 642 1000 inventionem,
675 961 869 1006 &stirpium
883 961 1164 997 nobiliffimarum
1178 964 1265 998 vires
1276 964 1427 999 referunt
1453 964 1530 1010 (2),
1563 968 1683 1010 &ope-

144 1020 182 1042 ta
200 1007 357 1042 botanica
375 1006 543 1053 poffident
562 1007 756 1052 pleniffima.
820 1009 971 1045 Unicum
991 1008 1146 1044 describit
1170 1011 1201 1056 J.
1228 1012 1419 1047 BAPTISTA
1447 1023 1498 1047 DU
1525 1014 1658 1048 HALDE
1672 1039 1681 1052 ,

146 1056 203 1090 eui·
230 1055 351 1090 titulus
388 1059 470 1090 Pent
501 1058 561 1090 Sao
594 1054 650 1099 (3)
687 1054 797 1090 seculo
824 1056 954 1090 decimo
980 1055 1074 1091 sexto
1111 1056 1167 1102 (4)
1199 1070 1217 1092 a
1250 1058 1382 1093 medico
1423 1060 1683 1095 LITSCHESING

145 1103 387 1147 compilatum,
423 1104 455 1137 &
484 1115 574 1137 anno
603 1101 671 1137 fere
701 1112 800 1146 1597.
831 1116 850 1138 a
876 1102 1049 1149 superstite
1074 1103 1146 1139 filio
1173 1106 1303 1140 editum
1330 1104 1398 1150 (ς).
1451 1107 1566 1153 Longe
1585 1106 1684 1152 supra

146 1151 236 1185 mille
256 1151 385 1195 plantas
404 1151 575 1189 continet,
604 1162 748 1195 quarum
768 1154 846 1194 265.
868 1152 1058 1186 aromaticae
1080 1150 1169 1189 sunt,
1219 1154 1282 1188 Eas
1307 1155 1438 1198 plantas
1448 1153 1633 1191 Chinenses
1645 1156 1684 1190 in

147 1197 221 1232 suas
250 1196 358 1231 classes
391 1197 574 1236 dividunt,
612 1210 723 1242 neque
753 1199 893 1233 iconum
925 1198 1109 1233 artificium
1139 1201 1309 1245 ignorant.
1387 1201 1442 1236 Est
1469 1202 1570 1236 etiam
1594 1203 1684 1237 inter

147 1257 239 1279 meos
262 1245 365 1279 libros
389 1244 639 1289 Compendium
659 1245 858 1281 botanicum
882 1245 1042 1280 Chinensi
1066 1247 1183 1291 lingua
1207 1247 1339 1284 editum
1354 1275 1362 1287 ‚
1402 1261 1474 1284 non
1497 1262 1572 1295 pars
1595 1251 1684 1294 prio-

146 1294 211 1332 ris,
239 1291 332 1336 quod
354 1292 456 1326 citavi
475 1292 584 1336 operis
600 1317 608 1330 ‚
650 1304 728 1326 cum
752 1304 793 1327 ex
821 1293 979 1329 omnibus
1007 1291 1160 1329 elaffibus
1187 1296 1316 1339 plantas
1344 1296 1470 1340 aliquas
1496 1297 1681 1337 contineat,

146 1340 298 1378 arbores,
325 1340 480 1377 cerealia,
507 1339 779 1378 cucurbstaceas,
806 1338 1021 1375 amaranthos
1038 1365 1046 1379 ‚
1076 1341 1219 1385 lapatha‚
1284 1343 1325 1377 In
1353 1355 1392 1377 eo
1420 1356 1519 1388 opere
1545 1354 1684 1380 centum

148 1389 179 1422 &
204 1387 355 1432 quinque
380 1387 493 1420 icones
518 1386 716 1424 numeravi,
755 1385 855 1421 rudes
884 1386 1059 1431 equidem,
1101 1388 1173 1432 ejus
1200 1387 1268 1425 fere
1296 1388 1443 1434 saporis,
1484 1391 1543 1434 qui
1572 1391 1617 1425 est
1646 1393 1692 1427 in*

146 1435 270 1481 plantis
294 1446 312 1468 a
338 1434 580 1469 SCHOIFFERO
607 1433 755 1477 depictis.
807 1434 921 1468 Multo
943 1443 1056 1469 tamen
1075 1435 1228 1470 meliores
1249 1435 1329 1472 sunt
1345 1462 1354 1476 ‚
1391 1450 1492 1482 quam
1518 1439 1685 1474 Dlosco-

148 1492 272 1518 RIDEAE
299 1481 364 1515 ‘111ae
381 1507 390 1520 ,
432 1493 575 1526 quarum
602 1481 728 1525 aliquas
754 1481 982 1518 DODONAEUS
1009 1481 1115 1518 edidit
1135 1508 1144 1521 ,
1190 1484 1221 1518 &
1252 1497 1334 1528 quas
1362 1496 1463 1519 nemo
1490 1483 1684 1530 adgnoscat.

146 1529 280 1566 Nostrae
300 1527 484 1563 Chinenses
505 1528 546 1561 ad
565 1538 721 1563 naturam
743 1528 917 1562 delineatae
941 1527 1036 1563 facile
1057 1530 1098 1563 ad
1121 1528 1195 1565 suas
1219 1532 1349 1576 plantas
1377 1532 1608 1572 reducuntur,
1643 1544 1685 1569 ut

148 1578 185 1612 in
208 1577 407 1615 cerealibus,
438 1577 554 1620 palmis
569 1601 578 1615 ‚
605 1575 810 1610 amaranthis
833 1585 989 1620 expertus
1013 1575 1109 1611 sum:
1147 1590 1257 1622 neque
1279 1579 1403 1624 absque
1423 1578 1482 1614 suo
1509 1578 1588 1616 sunt
1606 1582 1685 1615 arti*

149 1624 249 1660 ficio:
288 1625 375 1660 Sunt
397 1624 487 1657 enim
502 1649 510 1662 ,
538 1623 575 1656 in
594 1623 717 1667 quibus
740 1635 862 1657 nervos
884 1624 977 1659 albos
998 1625 1036 1659 in
1057 1626 1155 1669 nigro
1178 1624 1261 1661 folio
1285 1625 1435 1671 sculptor
1456 1637 1686 1663 accurate-ex..

149 1670 283 1717 preffit‚
310 1683 419 1715 neque
442 1669 509 1704 fine
532 1669 740 1705 difficultate.
793 1671 995 1716 Catalogum
1020 1672 1344 1708 medicameutorum
1364 1673 1574 1719 simplicium,
1596 1677 1685 1711 Sinis

148 1719 286 1754 medicis
301 1717 535 1757 familiarium,
563 1730 709 1762 quorum
731 1719 831 1763 longe
853 1719 960 1764 major
981 1732 1055 1764 pars
1075 1719 1120 1755 est
1139 1733 1180 1754 ex
1196 1721 1375 1766 vegetabili
1392 1734 1516 1767 regum
1545 1723 1687 1767 CLEYE-

150 1777 220 1802 Rus
248 1766 352 1800 edidit
378 1764 720 1810 <6>.Chinenf1um
745 1765 898 1810 stirpium
924 1766 1187 1811 descriptiones,
1223 1777 1264 1803 ut
1283 1781 1325 1802 ex
1349 1769 1380 1814 J.
1406 1770 1604 1806 BAPTISTAE
1631 1782 1686 1808 Du

148 1815 283 1850 HALDE
310 1825 408 1857 opere
432 1812 530 1846 video
551 1838 560 1852 ‚
603 1825 621 1846 a
649 1813 818 1847 coloribus
845 1813 984 1858 aliisque
1012 1813 1113 1859 signis
1135 1814 1254 1860 sponte
1276 1817 1391 1851 oeulos
1414 1815 1612 1852 ferientibus
1633 1817 1688 1853 su„

149 1870 291 1897 muntur
306 1886 315 1902 ‚
341 1873 414 1896 non
435 1858 503 1895 fine
525 1859 726 1907 hyperbola:
752 1861 877 1896 virium
900 1863 1001 1907 longa
1020 1861 1109 1896 adest
1129 1863 1338 1902 enumeratio
1352 1889 1361 1904 ,
1390 1865 1420 1900 &
1437 1862 1537 1911 supra
1554 1878 1684 1905 verum,

894 1909 923 1944 A
949 1917 965 1953 3
1594 1913 1688 1961 quod

189 2005 237 2040 (6)
258 2003 447 2034 VALmTYN
473 2003 638 2041 Oostindien
658 2004 692 2036 V.
719 2014 747 2043 p.
773 2014 821 2042 43.

189 2045 253 2080 (ι’)
275 2043 308 2073 In
324 2043 429 2081 Cataya
452 2043 576 2079 (Chinae
590 2050 671 2082 parte
687 2044 819 2084 boreali)
840 2053 942 2075 omnes
962 2043 1022 2075 fere
1040 2043 1145 2076 incolae
1165 2044 1331 2082 plantatum
1356 2044 1467 2078 habent
1488 2046 1689 2084 cognitionem

192 2081 535 2158 (153252Q123117ShPss318ti
561 2125 626 2152 Cur.
650 2122 712 2155 dec.
733 2122 769 2153 Π.
792 2133 869 2154 anno
894 2133 938 2154 10.
962 2124 1101 2162 Supplem.

191 2160 239 2194 (2)
262 2159 387 2198 Ginseng
410 2161 487 2197 apud
510 2161 548 2191 du
573 2162 687 2191 HALnu
710 2162 745 2194 T.
764 2162 813 2194 Ill,

192 2200 240 2236 (3)
262 2200 326 2227 Pan
347 2201 405 2228 San
427 2202 494 2228 Kan
514 2202 596 2230 Mau
618 2211 691 2238 opus
713 2202 819 2231 medici
842 2201 981 2231 Lirscm
1000 2202 1077 2237 Sm,
1100 2206 1186 2232 vocat
1203 2200 1245 2233 Cl.
1259 2199 1434 2241 MALovm,
1451 2203 1500 2243 qui
1518 2208 1692 2242 exuesptum

226 2236 297 2274 legit
319 2237 415 2274 δίψη.
434 2240 566 2271 meclicin.
591 2240 625 2269 T.
647 2241 668 2271 l.
695 2250 723 2278 p.
743 2247 770 2275 8.
798 2242 826 2273 &
851 2241 932 2273 addit
951 2240 1005 2272 effe
1024 2240 1183 2276 Pandecfflu
1202 2242 1337 2275 medicas.

191 2275 239 2312 (4)
261 2276 403 2306 Recusum
425 2286 448 2305 a.
474 2281 558 2313 1684.
584 2279 622 2308 du
646 2279 773 2314 lmus.

191 2314 240 2351 (ς)
260 2315 305 2345 Du
328 2315 453 2348 Han.

191 2355 239 2393 (ὁ)
260 2355 373 2386 Medic.
399 2355 479 2386 chin.
504 2364 534 2394 p.
551 2364 600 2395 ις,
622 2355 651 2386 Ρ.
672 2355 708 2395 15
