2138 2854
659 136 770 171 CAP.
809 135 870 170 LI.
936 131 1204 169 GALENUS.
1635 139 1699 171 115

253 233 290 268 L.
321 232 363 267 ΙΙ.
418 230 468 267 Ad
509 231 646 267 morbos
684 243 784 276 porro
825 231 953 277 capitis.
1043 230 1240 266 Plantarum
1278 230 1423 264 virtu-tes
1458 225 1526 272 ipse
1563 237 1701 280 enume-

157 290 220 317 rat.
311 281 424 315 Multa
464 280 548 314 bene
589 279 625 314 in
670 280 931 315 APOLLONHJM
972 278 1171 325 empiricum
1209 286 1353 317 monet,
1407 287 1477 321 quo
1514 276 1700 320 plurimum

155 329 277 364 utitur.
331 329 463 373 Opium
486 329 522 362 in
546 327 686 372 collyrio
710 326 902 363 adhibitum
925 328 1152 373 amblyopiam
1175 324 1283 361 feciffe
1306 325 1457 370 adnot.
1521 322 1700 374 Inden-

157 386 365 415 CHIGENis,
402 375 536 421 speciati
560 376 643 414 viri,
680 373 816 410 consilia
834 374 907 410 fuse
929 376 1099 421 expendit.
1152 375 1310 410 Nimium
1342 369 1494 417 adpensis
1525 369 1638 404 herbis
1669 370 1700 403 ὃς

156 424 303 458 Coronis
323 424 457 458 videtur
476 421 634 457 tribuisse.
695 424 934 458 Intercurrunt
961 422 1119 468 plusculae
1144 423 1233 457 vires
1258 421 1459 466 simplicium
1476 419 1700 454 medicamen-

157 480 283 506 torum.
337 472 606 507 Sternutamenti
630 472 705 506 loco
731 469 841 517 ipsum
864 472 1040 506 elaterium
1062 472 1099 505 in
1122 483 1218 506 nares
1241 469 1401 505 sufflavit.

251 544 288 579 L.
313 545 375 579 ΙΙΙ.
427 544 564 580 Mireris
591 544 787 580 GALENUM
813 544 855 580 de
878 544 988 580 radice
1017 544 1217 579 Cucumeris
1244 541 1436 589 sylvestris,
1479 539 1637 585 Bryonize
1669 539 1699 572 ἃ

155 592 215 627 Ari
239 590 401 632 scribere,
448 605 501 627 eas
526 601 621 627 extra
645 592 902 628 mordacitatem
931 594 1047 627 alvum
1079 592 1222 632 ducere,
1274 601 1347 626 tum
1381 588 1474 636 quod
1505 587 1578 622 haec
1611 598 1700 621 acer-

154 641 240 676 rima
259 640 405 675 remedia
426 653 506 675 curn
522 641 617 675 Polio
641 641 837 686 conjungat.
903 641 1153 677 Medicamenta
1184 648 1344 674 caeterum
1379 640 1593 674 APOLLONU
1628 635 1700 669 HE-

156 698 343 723 ROPHJLssl
370 690 399 723 δι
424 690 669 724 AacfflGi-:Nis
685 714 694 729 ,
730 687 890 734 simplicia
909 688 978 723 fere
1000 690 1179 733 utriusque
1195 715 1203 728 ‚
1242 688 1354 732 aliqua
1378 697 1493 722 tamen
1515 697 1555 719 ex
1580 685 1702 719 Apor„

156 746 280 771 Lomo
307 735 375 782 ipse
396 737 434 771 in
451 735 551 771 usum
571 737 754 771 revocavit.
806 737 974 782 Polypum
994 738 1128 772 narium
1149 746 1241 771 vetat
1263 735 1394 770 acribus
1417 732 1551 769 tentari.

250 810 286 844 L.
317 809 376 843 IV.
431 808 598 844 Adversus
624 810 803 844 oculorum
826 811 912 844 mala
937 808 1035 845 suum
1061 810 1193 844 aridum
1220 822 1260 843 ex
1288 808 1395 853 lapide
1416 805 1565 851 Phrygio
1594 816 1700 838 reme-

154 856 251 890 dium
275 855 452 898 describit,
480 857 573 902 quod
594 857 691 892 valde
716 857 849 897 laudat,
879 859 910 892 &
932 858 1027 893 addit
1047 859 1084 892 in
1102 858 1259 893 Romano
1282 857 1428 900 Imperio
1452 855 1561 888 multo
1580 853 1617 887 in
1636 851 1701 887 usu

154 902 225 939 esse.
280 905 348 940 Hic
364 905 495 941 mireris
515 918 644 940 nomen
666 906 858 953 JOHANNu
886 907 994 952 legere
1011 932 1020 946 ‚
1056 906 1197 941 citatum
1218 906 1258 940 de
1278 904 1524 939 medicamento
1544 914 1586 936 ex
1606 899 1699 935 rosis.

248 978 291 1012 In
315 978 352 1013 L.
377 977 422 1012 V.
451 979 564 1024 aliqua
585 978 695 1013 adhuc
718 978 821 1014 habet
842 980 935 1014 oculi
955 980 1041 1013 mala
1056 1005 1064 1018 ,
1104 988 1179 1013 tum
1202 978 1382 1014 dentium3
1417 977 1448 1010 δε
1478 975 1550 1019 ejus
1574 973 1700 1026 doloris

152 1023 265 1060 sedem
286 1024 446 1071 sagaciter
472 1027 508 1060 in
531 1025 563 1061 se
584 1025 657 1072 ipso
684 1027 863 1062 GALENUS
891 1027 1067 1066 distinxit,
1111 1036 1151 1061 ut
1180 1026 1264 1060 alius
1292 1026 1329 1059 in
1358 1023 1505 1069 gingivis
1532 1022 1698 1060 rehderer,

152 1074 191 1108 in
213 1086 317 1109 nervo
342 1074 454 1109 dentis
475 1075 570 1109 alius.
622 1075 713 1110 Mire
743 1076 831 1109 acria
863 1086 990 1110 veteres
1023 1075 1060 1109 in
1093 1073 1146 1109 his
1178 1075 1273 1109 malis
1301 1071 1516 1108 adhibebant.
1578 1068 1704 1113 Tithy·

154 1122 234 1155 mali
259 1122 405 1156 radicem
427 1122 465 1157 ‘in
487 1123 570 1157 vino
595 1123 807 1169 coquebant,
838 1135 877 1158 eo
901 1135 938 1158 os
962 1124 1143 1163 eluebant,
1179 1124 1212 1158 <Sc
1236 1120 1374 1156 succum
1397 1117 1569 1163 tithymali
1592 1116 1704 1153 farina

154 1179 335 1215 exceptum
357 1170 451 1205 denti
472 1170 709 1205 admovebant.

250 1242 288 1276 L.
315 1242 376 1277 VI.
428 1243 481 1277 De
512 1243 580 1277 oris
607 1242 745 1277 morbis.
813 1243 856 1278 In
886 1244 1009 1289 angina
1036 1242 1069 1278 se
1099 1241 1210 1289 ipsum
1234 1241 1372 1282 laudat,
1413 1239 1506 1286 quod
1532 1239 1569 1273 in
1595 1251 1698 1284 agro,

154 1300 231 1324 oum
253 1290 506 1324 medicamentis
528 1290 767 1325 destitueretur
781 1316 790 1330 ,
830 1303 960 1326 nucum
981 1291 1119 1327 succum
1144 1304 1222 1327 eum
1249 1291 1345 1332 melle
1374 1287 1504 1324 coxerit
1518 1312 1531 1327 ‚
1547 1293 1550 1296 ⁴
1568 1298 1701 1321 novum

152 1337 309 1382 undique
329 1337 641 1377 medicamentum,
680 1339 712 1379 ὃ(
738 1337 881 1373 feliciter
918 1339 1121 1377 adhibuerit.
1196 1340 1330 1375 Stercus
1361 1334 1522 1372 caninum
1556 1334 1599 1368 ad
1632 1334 1700 1368 oris

153 1383 302 1421 escharas
325 1385 457 1425 laudat,
494 1386 526 1420 ἃ
547 1395 649 1431 negat
671 1386 796 1431 ingrati
820 1386 903 1430 quid
927 1386 1058 1421 habere.
1113 1387 1163 1421 Ad
1188 1386 1374 1421 columellae
1399 1385 1485 1418 mala
1510 1381 1592 1416 rhus
1618 1394 1702 1427 prae-

152 1431 241 1473 fert,
290 1434 321 1468 ἃ
353 1435 455 1479 gallus
473 1459 482 1473 ,
528 1442 604 1468 tum
642 1433 929 1469 medicamentum
967 1436 1214 1474 APOLLON11,
1267 1445 1335 1479 quo
1370 1433 1506 1466 alumen
1540 1431 1573 1465 &
1606 1430 1700 1475 gallae

153 1490 386 1516 continentur.

249 1555 286 1590 L.
315 1555 395 1590 VII.
448 1554 501 1590 Ad
519 1555 656 1591 morbos
675 1567 883 1602 organorum
905 1554 1117 1602 spiritalium.
1168 1555 1235 1591 Hic
1257 1553 1520 1590 innumerabilia
1540 1551 1701 1587 arteriaca

153 1601 314 1642 recenset,
329 1612 404 1638 tum
415 1603 456 1638 ad
467 1603 577 1638 tabem
589 1605 619 1638 Sc
630 1603 828 1649 dyspnoeam
837 1604 1090 1639 medicamenta.
1116 1601 1590 1650 Mandragora,Hyoscyamo,
1605 1600 1699 1644 Opio

154 1660 284 1685 veteres
303 1653 451 1686 multum
469 1652 666 1692 utebantur,
687 1664 760 1686 non
776 1652 872 1687 valde
894 1653 1058 1697 probante
1072 1653 1233 1688 GALENO
1251 1667 1261 1691 3
1289 1650 1415 1686 fatetur
1441 1659 1556 1685 tamen
1582 1648 1620 1682 in
1645 1660 1701 1686 co-

155 1699 218 1733 lica
234 1711 307 1733 non
324 1698 411 1744 poffe
429 1712 492 1734 nos
511 1712 621 1734 catere
639 1701 830 1735 narcoticis.
883 1701 977 1735 Citat
999 1699 1099 1739 suum
1121 1700 1332 1743 diacodium,
1372 1700 1404 1734 &
1430 1696 1627 1743 distinguit,
1662 1696 1700 1730 in

154 1747 282 1781 morbis
299 1747 463 1792 petieris,
488 1747 548 1781 ubi
565 1748 596 1781 ei
614 1748 707 1782 locus
727 1746 786 1788 sit,
816 1757 875 1782 aut
899 1748 992 1793 Opio
1019 1748 1165 1783 demum.

250 1820 288 1854 L.
316 1820 413 1855 VIII.
466 1819 639 1855 Stomachi
665 1819 870 1855 adfectiones
894 1819 1053 1856 recenset.
1104 1821 1259 1856 Multum
1282 1820 1394 1854 utitur
1414 1819 1532 1865 Hiera.
1586 1817 1701 1852 Corri-

155 1868 205 1913 git
230 1869 500 1904 ASCLEPJADEM
516 1894 525 1908 ,
561 1869 619 1913 qui
641 1878 868 1903 atramentum
886 1867 1054 1904 sutorium
1076 1869 1107 1904 &
1131 1868 1394 1914 Mandragoram
1414 1865 1572 1902 adversus
1591 1866 1700 1901 vomi-

155 1925 230 1950 tum
254 1915 363 1950 dabat.
436 1915 606 1951 Describit
627 1915 726 1951 suurn
748 1916 935 1951 remedium
957 1929 999 1951 ex
1022 1915 1122 1952 succo
1149 1918 1317 1951 malorum
1341 1915 1587 1960 cydoniorum,
1621 1926 1701 1949 cum

157 1963 268 2008 pipere
292 1965 323 1998 ἃ
346 1964 527 2010 zingibere.
578 1965 693 2000 Multa
711 1963 864 2000 solebant
886 1973 985 2000 extus
1004 1963 1045 1999 ad
1064 1964 1246 2000 ventriculi
1266 1965 1352 1998 mala
1372 1963 1550 2009 adponere.
1615 1962 1699 1997 Inde

156 2010 286 2056 hepatis
307 2013 403 2046 mala.
476 2013 562 2047 Non
591 2011 676 2047 solas
708 2012 835 2048 radices
863 2012 1140 2059 Chamaepityos,
1177 2011 1329 2047 Cichorii
1359 2013 1390 2047 Sc
1419 2010 1602 2051 similium,
1643 2008 1700 2044 sed

155 2058 272 2093 succos
295 2060 326 2094 ὃς
344 2067 452 2094 totam
471 2062 622 2106 plantam
639 2061 758 2106 juvare
779 2063 868 2096 reete
888 2070 1016 2096 monet.

252 2131 346 2167 Libri
366 2130 470 2173 sexti,
495 2131 648 2180 septimi,
676 2134 788 2171 octavi
804 2133 912 2170 codex
925 2135 976 2170 M.
996 2134 1028 2170 S.
1051 2135 1090 2170 in
1108 2132 1317 2171 Bibliotheca
1333 2130 1483 2170 caesarea
1504 2132 1610 2170 exstat
1625 2130 1696 2174 (d).

929 2207 954 2244 Ρ
979 2215 1003 2245 2
1572 2207 1610 2244 L.
1630 2210 1698 2247 IX·

195 2303 244 2345 (d)
262 2304 405 2338 Lnunc.
428 2305 465 2343 11.
487 2316 512 2342 e.
537 2308 565 2340 6.
