2138 2854
1616 115 1692 146 xm

154 231 257 268 quam
288 216 450 255 convitiis
475 215 654 262 punirem:
687 213 798 250 bonos
823 225 902 250 cum
934 213 1047 260 aliqua
1078 209 1305 264 egtsultatione
1337 210 1531 253 laudarem,
1567 220 1609 248 ut
1633 221 1694 259 per

154 290 242 353 quoe
267 317 330 354 ego
353 300 579 351 profeciffem,
607 301 667 347 qui
689 302 839 337 multum
857 301 940 337 adeo
963 312 1046 336 meae
1073 297 1273 336 addidissent
1297 297 1460 334 felicitati.

248 419 314 456 His
334 427 407 454 non
430 425 579 453 extenuo
602 416 739 462 quidem
763 426 837 450 mea
851 415 956 455 vitia,
985 413 1108 451 excuso
1131 424 1265 456 tamen,
1288 422 1329 450 ut
1353 412 1439 449 nihil
1463 412 1556 460 pleni
1581 412 1694 460 exspe-

151 506 220 540 ‹stes
246 503 441 539 LECTOR
467 502 494 538 A
508 513 537 538 M
551 514 563 538 1
577 512 646 542 σε,
675 501 716 537 iis
739 513 821 536 vero
843 509 919 537 tuta
938 499 1006 537 fide
1031 502 1160 543 utaris,
1187 513 1263 548 quae
1282 501 1382 547 leges.
1443 500 1529 537 Non
1548 499 1694 535 deerunt

151 590 189 625 in
220 589 413 626 editionum
445 589 544 624 annis
565 588 726 632 [errorest
763 600 837 623 non
861 588 955 634 pleni
983 596 1087 623 erunt
1108 588 1301 623 editionum
1328 586 1497 633 catalogi:
1536 587 1695 623 omnium

148 677 290 712 minime
300 674 659 712 versionuminvarias
668 674 801 721 linguas
811 672 940 709 census.
992 673 1129 721 Judicia
1143 682 1260 709 autem
1267 671 1417 720 spondeo
1427 674 1637 720 incorrupta,
1652 686 1695 709 ex

150 775 187 798 re
212 761 289 809 ipsa,
307 771 407 803 nata,
430 773 608 808 nunquam
632 774 674 796 ex
693 761 754 801 ira,
783 773 962 807 nunquam
981 761 1022 795 ab
1043 761 1117 796 aliis
1138 770 1262 796 mutuo
1283 759 1403 795 sumta.
1454 760 1544 796 Meae
1573 760 1696 795 biblio-

155 848 260 883 thecae
285 847 454 884 editiones
477 846 630 883 asterisco
659 845 850 894 designavi,
881 856 921 883 ut
946 848 1079 894 plenior
1104 846 1145 883 fit
1167 846 1206 882 de
1234 847 1276 882 iis
1310 845 1420 882 fides:
1456 847 1600 889 alienis,
1633 847 1695 884 ubi

149 946 236 980 opus
259 934 458 975 videbatur,
485 932 590 970 suum
615 933 733 970 testem
753 933 879 969 addidi.
942 935 1154 980 Temporum
1175 933 1343 969 rationem
1371 930 1465 978 sequi
1488 932 1609 979 putavi
1628 934 1696 970 uti-

148 1021 214 1056 lius
237 1019 322 1057 fore.
382 1021 433 1056 Ita
454 1033 531 1067 quae
559 1021 766 1057 bibliotheca
793 1020 859 1061 est,
896 1019 1057 1056 haetenus
1085 1019 1186 1055 etiarn
1218 1017 1358 1053 historia
1385 1018 1466 1054 artis
1498 1017 1539 1054 fit
1559 1045 1568 1060 ‚
1597 1020 1694 1066 cujus

148 1105 356 1154 progreffus,
384 1109 415 1142 &
436 1108 596 1148 inventa,
623 1119 682 1153 per
701 1106 761 1143 sua
781 1116 933 1152 tempora
950 1105 1010 1142 sibi
1025 1104 1238 1141 succedentia
1261 1103 1508 1141 recenseantur.
1564 1109 1693 1151 Qemc

149 1204 215 1237 que
233 1193 437 1239 Scriptorem
458 1193 500 1228 ad
522 1194 650 1240 primos
669 1205 780 1228 annos
801 1205 944 1228 conatus
961 1191 1035 1227 sum
1055 1190 1178 1227 referre
1196 1217 1206 1233 ‚
1233 1193 1358 1237 quibus
1379 1192 1540 1228 inclaruit
1561 1206 1569 1228 ε
1609 1207 1696 1240 quos

151 1276 302 1314 edidiffet
310 1279 416 1314 libros
429 1279 632 1324 conjunctos
646 1276 793 1324 subjeci,
819 1290 906 1323 quos
924 1289 1043 1322 nempe
1056 1277 1097 1312 de
1115 1290 1153 1312 ea
1163 1287 1233 1313 arte
1250 1275 1439 1323 scripfiffet,
1466 1279 1505 1314 in
1518 1292 1586 1325 qua
1600 1291 1693 1316 nunc

148 1363 316 1405 versarer,
347 1364 512 1410 cujusque
541 1363 680 1399 demum
704 1339 873 1410 preecipua
896 1363 1036 1398 inventa
1059 1364 1224 1408 cujusque
1248 1362 1394 1398 laudavi.
1455 1364 1696 1411 Biographiam

150 1463 223 1486 non
245 1449 372 1496 suscepi
394 1451 495 1492 dare,
523 1451 638 1497 paucis
662 1449 867 1496 aliquando,
908 1451 939 1485 &
971 1449 1011 1484 dc
1036 1450 1223 1485 celebr-{buz
1247 1450 1328 1484 viris
1347 1476 1356 1489 ‚
1393 1449 1570 1491 indicavi,
1604 1454 1695 1498 quod

151 1535 254 1573 effent
277 1537 358 1573 vitae
378 1549 486 1584 genus
504 1536 630 1578 secuti,
660 1539 692 1573 δι
712 1538 750 1573 in
774 1537 898 1583 quibus
918 1535 1041 1572 scholis
1059 1546 1117 1572 aut
1137 1534 1260 1571 officiis
1285 1536 1511 1574 eminuiffcnt.

251 1651 480 1721 Superestut
503 1652 544 1687 de
576 1651 696 1687 ordine
722 1651 838 1697 magni
860 1650 970 1697 operis
999 1651 1110 1697 aliqua
1138 1651 1353 1697 praemittam.
1411 1652 1490 1688 Hoc
1516 1654 1695 1692 volumine

153 1738 339 1784 Scriptores
363 1737 404 1772 de
427 1750 462 1773 re
487 1737 642 1773 herbaria
674 1735 826 1773 recensui
846 1750 854 1773 :
896 1739 1054 1784 proximo
1081 1750 1138 1773 eos
1173 1738 1270 1778 dabo,
1301 1739 1359 1784 qui
1384 1738 1424 1772 de
1449 1752 1482 1773 re
1505 1741 1697 1778 anatomicn

153 1822 378 1870 scripserunt:
419 1823 501 1859 hinc
535 1823 738 1870 chirurgos:
773 1824 853 1861 inde
881 1825 1020 1860 clinicos
1042 1839 1052 1865 3
1091 1825 1228 1860 demum
1257 1826 1317 1870 qui
1344 1824 1385 1859 de
1410 1835 1446 1859 re
1475 1827 1624 1861 naturali
1650 1826 1697 1863 ita

154 1908 312 1957 egissent,
337 1920 379 1946 ut
401 1923 420 1946 a
444 1910 576 1946 medico
601 1910 734 1946 utiliter
753 1892 923 1956 legantur.
977 1910 1111 1956 Cuique
1128 1911 1241 1947 Tomo
1263 1911 1401 1946 brevem
1427 1914 1618 1959 catalogum
1648 1911 1698 1948 se-

153 1997 319 2031 lectorum
349 1995 557 2043 scriptorum
590 1995 819 2044 subjungam,
850 1998 976 2044 quibus
1002 1997 1181 2033 mediocris
1204 1996 1422 2033 bibliothecae
1446 1998 1607 2036 dominus
1634 1997 1695 2036 fibi

153 2080 253 2127 poffit
273 2081 470 2119 satisfacere.

248 2196 363 2232 Multa
385 2197 598 2243 promittenti
619 2207 749 2245 regeret
763 2198 905 2245 aliquis,
942 2211 1015 2235 non
1031 2199 1059 2236 is
1077 2199 1238 2236 inmerito
1257 2200 1518 2247 exprobratarus
1531 2226 1541 2242 ‚
1580 2199 1695 2238 senem

152 2280 302 2318 luborem
329 2282 393 2318 fibi
427 2282 577 2325 sumere,
615 2285 670 2321 cui
695 2294 806 2321 certus
834 2283 875 2321 fit
903 2286 1051 2323 immori.
1121 2285 1230 2322 Facile
1264 2286 1364 2322 video
1392 2287 1559 2333 quidquid
1593 2299 1694 2334 pon-o

902 2371 941 2418 J<
964 2371 1000 2416 )(
1029 2381 1045 2415 3
1614 2373 1696 2410 vivo
