2138 2854
445 134 496 169 90
815 116 945 159 ‘Lm
975 123 1001 157 1.
1053 117 1359 156 A'UCTORES
1398 108 1593 154 GRAEC'I.

443 219 598 256 sermone
625 232 645 255 a
672 218 848 265 nuperiori
877 217 998 253 Graeco
1029 216 1066 250 in
1096 214 1195 250 suum
1221 212 1412 250 sermonem
1441 212 1613 250 redditum
1642 211 1762 255 fuisse,
1806 212 1993 260 suspicetur

443 278 504 304 aut
529 280 547 304 a
571 268 764 304 Pmmuoss.
832 265 1013 302 Exstitcrat
1037 272 1152 298 autem
1176 263 1438 300 AnisroTzus
1463 261 1505 297 dc
1530 261 1655 308 plantis
1681 274 1768 309 opus
1787 288 1796 304 ,
1841 261 1936 309 quod
1960 262 1993 298 &

442 315 513 362 ipse
536 317 617 352 citat
642 313 714 362 (g)
741 316 773 350 δι
798 315 864 350 alii.

541 389 647 432 Qiod
670 385 813 433 superest
837 398 933 433 opus,
956 383 1112 420 recusum
1131 384 1177 420 est
1197 383 1360 430 Lugduni
1379 396 1471 420 anno
1499 387 1600 428 1566.
1620 383 1678 420 fol.
1710 383 1886 430 Marburg.
1910 397 1991 420 ann.

447 443 548 478 1598.
579 441 627 477 8⁰.
680 437 797 471 Gra-cc
818 433 943 480 prodiit
966 433 1151 469 FAniucm
1182 432 1264 468 teste
1289 433 1380 468 Paris
1406 444 1499 470 anno
1528 441 1629 475 1539.
1658 438 1706 474 8⁰.
1747 443 1822 468 tum
1848 433 1993 469 Franco-

443 483 526 520 furti
552 496 630 518 ann.
655 489 752 526 ¹=87-
778 489 828 527 4⁰.
857 494 935 517 cum
957 484 1137 527 Geoponicis
1152 482 1273 516 &cum
1289 481 1586 517 TnEornRAsro
1608 493 1700 516 aimo
1725 490 1824 525 1534
1839 483 1871 516 &
1889 490 1989 524 1541.

443 531 502 567 fol.
521 534 553 567 Sc
572 532 661 567 inter
680 543 780 576 opera
799 530 914 565 onmia
935 541 1044 575 graeco
1067 528 1169 564 latina
1189 527 1242 573 (h)
1268 529 1546 568 ARISTOTELIS,
1567 537 1642 564 tum
1656 529 1746 564 alias.
1777 529 1862 564 Non
1878 529 1994 575 potuit

443 590 556 615 autem
585 581 850 615 Anisa-oTtLes
873 579 1066 623 plantarum
1084 577 1262 622 imperitus
1280 575 1398 617 fuiss'e,
1423 587 1537 624 ,quem
1560 576 1723 613 Tmaeus
1750 575 1993 623 pharmacopo-

442 629 508 664 lam
535 626 580 673 (i)
608 627 756 667 dixerit,
792 626 852 672 qui
868 625 972 662 etiam
988 624 1112 662 medici
1133 625 1371 662 NlcOMAcm
1396 623 1514 666 filius,
1555 625 1587 661 &
1615 637 1657 660 ex
1681 623 1917 672 Asclepiadum
1944 622 1994 660 fa-

441 676 535 711 milia
557 675 670 711 fuerit.

538 750 666 784 Auctor
691 748 764 792 ejus
790 748 870 797 libri
883 773 893 788 ‚
926 759 1028 793 quem
1050 759 1165 782 coram
1185 746 1372 788 habemus,
1407 747 1539 792 plantas
1568 746 1716 782 animam
1741 756 1844 794 negat
1868 746 1992 784 habere

441 806 560 832 eontra
585 797 854 832 EMPEDOCLEM
871 822 880 836 ‚
910 807 1074 831 verumve
1094 793 1213 830 sexum
1236 793 1301 841 (k).
1373 795 1507 830 Deinde
1530 804 1662 840 partes,
1695 795 1728 830 δε
1753 793 1871 831 succos
1896 795 1993 836 dicit,

441 847 474 880 δε
493 845 622 889 aliquas
641 855 682 878 ex
700 843 812 878 obviis
832 843 971 879 dotibus
990 842 1334 879 constitutas‘clalses.
1385 843 1557 878 Arborum
1582 843 1614 878 &
1641 841 1826 889 specierum
1851 843 1996 891 degene-

439 893 609 927 rationem
634 893 671 927 in
692 892 773 927 alias
798 890 922 938 species
943 891 1097 926 admittit
1123 888 1181 936 (Ι).
1249 889 1506 936 Hyoscyamum
1533 892 1565 926 &
1590 891 1816 927 Helleborum
1842 890 1995 927 homini-

439 940 503 975 bus
523 952 696 975 venenum
710 965 721 980 ‚
761 939 875 975 bestiis
899 938 965 985 (m)
989 939 1192 974 alimentum
1218 937 1280 974 effe
1307 948 1436 974 monet.
1502 939 1695 975 Palmarum
1714 936 1993 975 secundationem

440 986 597 1023 describit
622 986 689 1034 (n).
742 988 925 1023 Hebenum
954 988 1053 1022 novit
1075 987 1113 1022 in
1139 999 1226 1033 aqua
1253 985 1403 1022 fundum
1428 994 1542 1033 petere
1570 984 1634 1032 (o).
1695 987 1830 1023 Plantas
1856 987 1994 1034 ignotas

439 1036 600 1072 nominat
624 1048 767 1076 οπιγιισ,
795 1048 995 1078 papyam-m
1018 1035 1173 1070 arborem
1193 1035 1374 1081 aegyptiam
1390 1060 1400 1075 ‚
1439 1047 1516 1081 quae
1534 1034 1682 1070 fructum
1703 1047 1745 1070 ex
1763 1035 1874 1071 radice
1893 1034 1992 1076 ferat,

438 1083 566 1119 &nrm
592 1084 798 1124 Arabicum,
836 1084 1000 1119 Belenion
1015 1109 1025 1123 ,
1065 1083 1159 1129 quod
1183 1083 1219 1118 in
1240 1083 1458 1129 amygdalum
1478 1084 1584 1119 abeat.
1637 1083 1749 1119 Habet
1777 1084 1809 1118 &
1836 1084 1994 1130 myroba-

440 1133 546 1167 tanos.
590 1132 746 1167 Secundo
774 1133 860 1167 libro
891 1132 1118 1167 nutritionem
1142 1132 1335 1176 plantarum
1360 1129 1537 1171 describit,
1574 1129 1732 1176 physice,
1772 1144 1813 1166 ex
1841 1132 1994 1177 antiquis

440 1180 663 1226 opinionibus
678 1206 688 1220 ‚
718 1181 749 1216 &
770 1182 920 1220 colores,
948 1192 1096 1226 quorum
1117 1179 1219 1214 miras
1240 1177 1353 1214 causas
1372 1179 1510 1214 adducit
1533 1176 1612 1225 (p),
1640 1177 1756 1214 succos
1771 1204 1780 1219 ‚
1807 1178 1951 1225 sapores.

535 1253 728 1289 MAximus
753 1252 956 1289 Pmuumzs
982 1253 1086 1288 libros
1110 1252 1371 1288 Anis‘roruis
1398 1251 1439 1286 de
1461 1251 1586 1298 plantis
1604 1263 1646 1286 ex
1664 1251 1774 1287 latino
1793 1263 1900 1298 graece
1917 1252 1994 1288 red-

439 1301 527 1336 didit
543 1327 552 1340 ,
580 1301 684 1336 latina
702 1311 816 1336 autem
835 1299 941 1336 verlio
961 1313 1003 1336 ex
1019 1300 1160 1336 Arabica
1181 1298 1343 1335 conversa
1362 1297 1484 1346 fuerat.
1562 1299 1838 1336 Commentarius
1853 1301 1992 1340 ,SCAu-

440 1354 533 1384 cem
560 1349 598 1384 in
620 1348 746 1396 dialogi
766 1346 911 1394 speciem
934 1346 1098 1394 scriptus,
1125 1347 1251 1392 absque
1274 1359 1375 1393 opere
1400 1348 1694 1383 ARISTOTELICO
1721 1347 1860 1393 prodiit.
1899 1348 1992 1384 Eum

439 1397 521 1431 alias
544 1396 705 1435 dicemus.
762 1396 893 1432 Prodiit
925 1396 1018 1432 Paris
1053 1407 1146 1431 anno
1181 1399 1282 1436 1556.
1316 1401 1368 1439 4⁰.
1421 1395 1579 1441 Lugdun.
1612 1397 1715 1440 1566.
1745 1393 1804 1431 fol.
1838 1396 1928 1434 Sunt
1950 1397 1992 1434 in

440 1444 578 1480 eosdem
593 1445 626 1480 &
643 1444 788 1480 Fame.
813 1443 990 1480 Vannii
1015 1453 1107 1478 notze
1133 1436 1220 1488 Lips.
1250 1450 1351 1487 1520.
1376 1440 1435 1480 fol.

537 1511 681 1553 Codices
701 1517 752 1552 M.
774 1517 806 1553 S.
833 1516 964 1552 exstant
986 1517 1024 1552 in
1044 1515 1123 1553 Bibl.
1146 1518 1247 1554 Vatic.
1268 1516 1299 1551 &
1323 1517 1399 1562 Reg.
1422 1515 1560 1551 Londin.

537 1589 740 1626 Problemata
766 1590 1025 1627 Amsronus
1052 1588 1130 1624 satis
1153 1589 1260 1624 multa
1282 1589 1488 1630 continent,
1511 1590 1662 1625 botanici
1685 1592 1891 1640 argumenti.
1939 1592 1991 1629 Ea

440 1636 575 1674 seorfim
600 1639 690 1673 edita
712 1636 793 1673 sunt
815 1638 906 1673 Paris
929 1638 1018 1684 apud
1037 1638 1139 1673 Colin
1159 1649 1251 1672 anno
1276 1645 1376 1680 1533.
1403 1641 1453 1677 8⁰.
1505 1639 1643 1681 Quaerit
1670 1640 1702 1675 δι
1731 1652 1789 1686 per
1816 1641 1992 1687 conjectu-

441 1700 494 1721 ms
518 1684 705 1770 respfssidet.
751 1686 939 1779 (D)eniquc
970 1686 1096 1722 Arabes
1129 1697 1215 1731 opus
1251 1685 1480 1731 geoponicum
1509 1685 1662 1727 habent,
1701 1688 1796 1735 quod
1820 1689 1992 1725 Amsro-

441 1744 530 1771 'rim
556 1744 600 1770 tn
626 1743 715 1770 uunt
776 1747 796 1785 q
827 1761 834 1770 .

1856 1809 1988 1851 §XL

409 1933 413 1934 ⁷
477 1922 528 1993 (ff
550 1923 653 1954 Am'm.
676 1921 707 1954 L.
725 1921 759 1953 V.
782 1923 845 1954 init.
868 1932 896 1961 p.
918 1931 956 1954 m.

479 1965 491 1998 (
519 1968 530 1999 )
553 1963 628 1995 Edit.
651 1962 761 1993 Genev.
783 1973 861 1993 anno
884 1965 967 1993 1⁶06.
988 1959 1025 1993 ῙῘ.
1046 1969 1077 1999 Ρ.
1103 1969 1188 1997 1042.

479 2003 519 2037 (i)
544 2004 710 2032 Annuus
732 2013 794 2033 var.
819 2003 849 2034 L.
871 2002 904 2032 V.
926 2011 949 2032 c.
971 2012 997 2038 9-
1038 2002 1159 2031 Sumtus
1182 2009 1210 2038 p.
1235 2009 1297 2039 ³27-
1321 2007 1384 2038 με.
1409 2010 1446 2032 σι
1471 2001 1627 2034 Emeum.

478 2042 526 2117 go
541 2042 624 2111 ἕλκω
647 2041 784 2073 mascula
803 2042 918 2082 plantas
936 2041 1003 2072 ideo
1022 2040 1192 2080 distinguit,
1214 2040 1293 2080 quod
1314 2042 1528 2081 congeneribus
1546 2041 1664 2073 seminis
1682 2041 1812 2073 duriores
1828 2041 1893 2078 fint.

513 2091 520 2114 ›
598 2091 625 2119 7-

479 2123 539 2157 (m)
560 2122 591 2152 C.
619 2132 644 2157 ς.

478 2163 528 2195 (n)
550 2161 582 2193 C.
607 2165 632 2191 6.
1595 2188 1600 2195 .

480 2200 513 2236 (ο
550 2200 580 2232 L.
602 2199 635 2230 ll.
657 2210 682 2231 c.
704 2211 728 2232 ι.
1571 2206 1574 2210 ’

477 2242 527 2280 (ρ)
550 2240 581 2271 Ιι
605 2250 621 2270 c
649 2251 676 2274 φ.
721 2240 761 2270 Ab
784 2240 909 2278 angustis
931 2241 1009 2279 poris
1030 2238 1165 2271 caeruleos
1184 2238 1296 2270 colores
1312 2239 1376 2271 fieri
1392 2262 1401 2279 ‚
1441 2250 1457 2273 a
1480 2239 1611 2282 collapsis
1637 2240 1737 2274 album
1751 2262 1762 2280 ‚
1797 2249 1815 2273 a
1837 2238 1980 2272 mediocri

518 2279 718 2310 commistione
744 2280 888 2317 glaucum.
1432 2288 1434 2291 '

479 2320 526 2357 (q)
549 2321 641 2350 Kmh
662 2322 693 2350 al
710 2322 834 2351 hal-alm!
855 2322 878 2351 le
898 2320 1020 2361 Arfflhu
1043 2319 1224 2350 linunt.
1246 2328 1275 2359 p.
1291 2327 1358 2360 975.
