2138 2854
534 148 646 183 cAP.
678 148 743 182 xz.
796 133 1270 182 THEOPHRASTUs.
1629 152 1669 186 μ

689 244 716 282 §.
746 242 818 277 XI.
875 239 1110 289 Uieophrashzs.

225 339 316 375 Cum
337 335 490 385 spurium
509 334 549 373 fit
567 363 576 375 .
617 336 710 382 quod
738 336 910 372 Aristoteli
935 334 988 383 (ν)
1016 336 1210 373 inscribitur
1231 348 1340 383 opus,
1379 334 1436 372 hic
1464 335 1593 383 primus
1619 347 1677 371 ve·
1731 360 1733 362 >

131 400 249 425 rorum
269 387 509 422 botanicorum
531 385 655 419 librum
676 384 814 429 reliquit
829 410 838 425 ,
871 386 931 430 qui
956 384 1105 430 superfit.
1157 386 1378 421 TYRTAMUS
1404 397 1423 419 a
1443 394 1535 430 patre
1554 384 1675 423 dietus,

131 438 185 474 vir
217 436 367 482 optimus
401 435 434 468 δι
462 433 615 478 undique
650 432 825 472 amabilis,
869 431 1052 477 discipulus
1085 434 1344 469 ARISTOTELIS
1363 458 1373 472 ,
1417 433 1458 467 ab
1481 432 1678 478 eloquentia

132 495 261 520 nomen
279 481 422 521 habuit,
459 482 492 516 &
513 480 553 515 de
575 489 649 515 tota
673 478 722 525 (s)
750 478 963 525 philosophia
991 479 1170 516 numerosa
1197 482 1229 516 ὃς
1259 481 1423 520 celebria,
1461 480 1505 515 ob
1534 480 1680 515 suavita-

130 541 203 568 tem
218 530 372 576 ingenii,
398 541 500 575 opera
521 527 629 564 edidit
643 554 652 568 ‚
687 540 835 573 quorum
859 528 972 572 aliqua
991 527 1032 562 ad
1053 541 1117 563 nos
1137 537 1377 574 pervenerunt.
1441 529 1571 564 Eorum
1594 527 1677 567 duo,

133 579 190 615 sed
210 578 354 624 insignia
372 603 382 618 ,
426 576 467 611 de
495 577 619 622 plantis
645 584 776 622 agunt,
810 574 888 610 satis
915 574 1077 611 haetenus
1105 577 1237 622 integra
1254 603 1263 617 ,
1308 574 1365 611 sed
1392 576 1490 611 valde
1522 583 1681 621 corrupte

134 628 234 663 edita.
285 626 382 661 Prius
408 626 440 660 &
462 625 571 670 majus
596 623 756 670 historiam
775 624 965 670 plantarum
989 636 1115 659 novem
1137 624 1230 659 libris
1252 624 1415 670 exponit,
1453 624 1496 660 ad
1517 625 1683 660 ARISTo-

136 685 244 712 TELls
278 672 442 709 haetenus
469 672 697 707 imitationem
730 670 893 717 scriptum
910 696 920 711 ,
963 681 1004 707 ut
1032 673 1228 707 communia
1259 671 1415 718 stirpium
1442 673 1579 719 collig-at
1597 697 1606 711 ‚
1650 671 1683 705 ἃ

135 722 329 759 discrimina
349 721 486 767 adjiciat
500 745 510 760 ,
538 732 580 755 ex
602 720 713 755 obviis
737 720 879 755 omnino
906 718 1113 766 summisque
1136 719 1238 766 signis
1261 719 1380 756 sumta.
1403 764 1406 767 ἱ
1444 763 1445 766 ¹

232 794 336 830 Libro
347 796 455 840 primo
475 802 586 838 partes
608 793 819 839 plantarum,
844 794 918 828 laxe
938 790 1106 838 equidem,
1128 789 1250 828 definit
1263 819 1272 834 ‚
1306 805 1379 828 non
1399 802 1514 829 tamen
1526 799 1686 840 ‘unquam

139 841 261 878 desunt
284 841 409 887 egregii
431 842 463 876 &
485 839 711 887 philosophici
733 841 864 887 ingenii
884 840 1095 881 testimonia,
1141 841 1235 887 quod
1255 842 1294 876 in
1316 840 1382 876 hoc
1406 842 1482 877 viro
1503 840 1582 878 fuit.
1633 842 1689 876 Im

139 892 240 926 flores
265 892 331 933 (t)
354 889 483 924 fructui
506 889 667 929 innatos,
712 890 744 924 &
770 889 867 924 flores
891 888 1018 924 frudini
1047 887 1302 935 circumpositos
1328 889 1506 930 distinxit,
1551 891 1584 926 &
1606 889 1687 924 istos

140 938 388 984 frequentiores
414 936 476 972 effe
500 935 556 982 (u)
582 936 734 972 addidit:
773 936 872 972 flores
892 938 993 972 etiam
1014 936 1138 972 steriles
1164 938 1223 981 (x)
1252 939 1283 973 &
1303 939 1341 972 in
1359 937 1475 972 eadem
1494 939 1608 983 planta
1629 936 1689 972 ha-

138 987 286 1023 bitantes
307 984 429 1025 habet,
459 986 492 1027 &
515 986 553 1020 in
576 986 649 1030 alia.
702 985 829 1020 Calidis
856 986 960 1025 locis,
997 994 1038 1020 ut
1067 986 1105 1020 in
1132 997 1212 1031 agro
1237 984 1465 1031 Elephantino
1484 1011 1493 1025 ‚
1527 985 1690 1020 arborum

139 1034 222 1070 folia
249 1046 322 1069 non
351 1033 461 1068 delabi
495 1031 568 1078 (y)
599 1042 726 1068 monet.
802 1034 847 1068 Et
873 1034 1104 1078 Benjanorum
1132 1033 1287 1067 arborem
1313 1046 1354 1067 ex
1378 1033 1478 1068 ramis
1507 1033 1691 1068 radicatam

117 1112 122 1117 ,
142 1083 229 1117 dixit
253 1080 308 1126 (z)
321 1108 330 1121 ‚
358 1083 390 1116 &
410 1082 589 1127 opuntiam
611 1093 653 1116 ex
673 1079 765 1116 foliis
787 1080 934 1115 radicem
951 1081 1164 1116 emittentem
1186 1079 1241 1125 (a)
1254 1108 1263 1122 ,
1291 1083 1323 1117 &
1339 1093 1476 1116 morum
1486 1081 1688 1128 AEgyptiam,

142 1142 218 1176 quae
243 1128 394 1164 frustum
418 1142 459 1164 ex
487 1129 623 1164 caudice
650 1129 737 1175 gerit
771 1127 854 1173 (b).

239 1202 342 1236 Libro
366 1200 504 1245 secundo
535 1201 574 1235 de
604 1199 734 1236 satione
761 1202 794 1236 &
820 1202 1038 1247 generatione
1065 1203 1260 1247 plantarum
1284 1202 1363 1248 agit.
1424 1200 1603 1238 Coniferas
1620 1212 1693 1237 non

145 1250 346 1297 provenire,
369 1247 432 1283 nisi
454 1260 496 1282 ex
512 1247 637 1283 semine
664 1247 714 1292 (c)
741 1248 893 1283 adnotat.
960 1249 1096 1284 Semina
1121 1251 1282 1284 arborum
1304 1250 1514 1285 urbanarum
1537 1249 1607 1285 sata
1628 1248 1694 1295 syl-

146 1298 268 1333 vestres
291 1298 323 1331 &
341 1296 526 1331 acerbiores
545 1295 634 1331 fetus
659 1294 807 1341 proferre
833 1295 892 1342 (d)
919 1296 1042 1336 docet,
1069 1306 1190 1342 praeter
1210 1298 1417 1343 AEgyptum‚
1442 1297 1480 1331 in
1505 1310 1573 1343 qua
1600 1297 1695 1332 acida

106 1381 109 1384 ,
146 1345 271 1392 punica
294 1343 407 1378 dulces
428 1342 558 1378 fructus
582 1343 733 1378 reddant.
800 1344 942 1383 Pinum,
971 1353 1090 1378 eontra
1111 1354 1279 1391 receptam
1303 1346 1520 1390 opinionem,
1548 1344 1696 1380 radic-em

147 1392 188 1428 ad
212 1394 289 1427 oeto
314 1391 448 1426 cubitos
470 1390 676 1436 depangere,
713 1402 755 1425 ex
777 1391 912 1436 propria
936 1391 1158 1426 adnotatione
1180 1392 1363 1427 adtestatur
1389 1392 1453 1438 (e).
1504 1393 1696 1427 Palmarum

146 1441 303 1479 cultum,
333 1438 450 1479 sexus,
479 1439 510 1473 &
530 1437 673 1484 species,
703 1440 735 1473 &
755 1437 1032 1473 fecundationem
1060 1437 1123 1485 (f)
1150 1438 1308 1474 adcurate
1334 1441 1499 1485 exponit,
1549 1452 1626 1485 qua:
1655 1439 1697 1474 fit

146 1486 281 1523 excuffo
316 1485 462 1522 masculo
503 1485 601 1531 super
638 1485 780 1520 feminas
819 1487 958 1532 pulvere
979 1512 988 1526 ‚
1040 1488 1072 1521 &
1107 1486 1398 1533 caprificationem
1417 1514 1426 1528 ‚
1479 1488 1696 1533 culmumque

149 1534 250 1572 usum
276 1537 345 1582 (g)
369 1536 408 1570 in
431 1533 564 1570 ficubus
587 1533 809 1569 nascentium.

1595 1638 1699 1675 Libro
1711 1657 1715 1660 ·

195 1765 236 1803 (r)
259 1764 338 1795 Vixit
368 1771 436 1796 ante
462 1775 514 1796 nos
539 1767 624 1796 annis
654 1774 718 1803 390.
759 1763 896 1796 PLmn-ss
924 1765 956 1797 L.
973 1764 1060 1798 xlx.
1082 1775 1106 1797 c.
1129 1775 1156 1798 2.
1199 1766 1242 1797 Ad
1265 1766 1438 1797 Aur-mom
1458 1770 1590 1804 tempora
1612 1766 1698 1802 vixit,

235 1805 261 1835 δι
279 1804 486 1843 Olympiadem
509 1815 572 1842 1¹4·
606 1806 804 1836 Anisa-orum
828 1805 860 1836 in
882 1805 986 1837 scholae
1006 1806 1136 1837 rectione
1156 1805 1284 1837 succeffit
1306 1806 1471 1837 Lamus
1493 1806 1523 1837 L.
1537 1803 1570 1840 V.
1594 1814 1619 1836 c.
1631 1813 1658 1836 2.

195 1844 238 1882 (s)
259 1844 417 1875 Enumerat
436 1845 601 1876 Lnnzus
623 1844 641 1875 l.
659 1854 685 1879 c.

195 1886 236 1920 (t)
258 1883 289 1914 C.
314 1893 362 1919 2¹.

196 1923 244 1960 (u)
266 1923 341 1953 lbid.

197 1964 246 1999 (x)
269 1962 346 1995 lbid.

199 2003 248 2040 ty)
269 2001 300 2031 C.
328 2013 370 2033 11.

199 2042 245 2078 iz)
267 2041 297 2071 C.
325 2052 367 2073 12.
390 2044 416 2074 &
438 2043 466 2073 L.
488 2041 536 2073 W.
564 2051 588 2077 ο.
615 2053 640 2080 ς,

202 2082 246 2117 (a)
269 2081 342 2113 lbid.
369 2083 396 2115 L.
415 2082 436 2113 1.
459 2091 483 2116 c,
505 2091 550 2116 12.

201 2121 250 2155 (b)
272 2120 302 2152 C.
328 2131 373 2158 23.

202 2161 246 2196 (c)
268 2160 300 2191 C.
325 2169 352 2192 2.

203 2200 252 2235 (d)
273 2199 304 2230 C.
330 2209 355 2237 3.

203 2240 248 2276 (e)
271 2238 301 2269 C·
324 2245 351 2273 8.

205 2279 261 2316 (f)
283 2278 315 2308 C.
335 2289 361 2315 9.
383 2279 411 2308 &
432 2276 509 2318 caus}
529 2279 621 2316 plant.
654 2278 684 2311 L.
697 2276 739 2311 Ἡ.
764 2287 790 2314 e,
813 2287 859 2318 13.
892 2279 923 2314 L,
943 2276 992 2309 m.
1016 2287 1041 2310 c.
1061 2285 1107 2316 23.

205 2319 252 2358 (g)
276 2318 303 2349 C.
327 2329 353 2357 9.
376 2318 442 2352 add.
466 2319 497 2353 L.
516 2318 551 2352 11,
575 2328 598 2348 c.
621 2327 665 2351 12.
687 2328 731 2357 13·
