2138 2854
534 148 646 183 CAP.
675 148 740 181 XI.
793 141 1259 181 THEOPHRASTUS.
1626 147 1671 185 37

129 246 163 279 ἃ
186 242 463 289 germinantibus.
504 243 556 277 De
580 242 659 276 flore
683 240 736 282 (h)
763 249 930 276 autumno
951 247 1160 289 erumpente,
1180 241 1211 274 8:
1229 238 1269 273 de
1286 238 1462 274 arboribus
1479 237 1593 273 biferis
1612 235 1669 281 (i).

127 291 335 326 Discrimina
359 290 570 336 sylvestrium
601 292 633 324 &
660 290 868 324 urbanarum
902 288 986 332 (k).
1052 288 1144 329 Quae
1175 300 1342 333 praecoces
1373 285 1463 326 fint,
1500 298 1575 331 quae
1600 284 1671 320 sero

127 337 277 373 fructum
299 337 410 373 ferant
436 336 498 380 (l)
514 364 523 378 ‚
562 339 622 372 &a

224 411 327 446 Libro
345 410 492 454 secundo.
545 408 662 444 Causbe
686 408 903 444 fecunditatis
923 421 932 446 ;
972 409 1062 443 calor
1076 433 1085 447 ‚
1123 406 1256 448 solum,
1294 420 1380 452 aqua
1396 433 1405 445 ,
1443 408 1547 441 locus.
1619 406 1672 440 De

129 457 234 493 caulis
257 458 460 492 maturitatis
477 483 486 497 ‚
526 457 747 496 incrementi,
787 455 998 501 proceritatis
1015 482 1024 494 ,
1063 456 1318 495 diuturnitatis,
1359 454 1556 489 duicedinis.
1619 454 1673 487 De

128 504 313 551 specierum
336 506 596 551 degeneratione
614 519 622 538 :
663 505 786 550 plantis
806 502 986 548 paraliticis
1004 502 1190 538 fulcrorum
1210 503 1408 549 egentibus:
1448 502 1487 536 de
1511 500 1673 536 foliorum

129 552 369 593 conversione,
398 553 521 587 flor-um
537 553 710 598 apertione
731 553 762 586 ὃς
779 549 1032 596 compreffione.

223 625 326 660 Libro
352 628 458 659 tertio.
511 625 746 671 Agricultura,
787 623 891 664 satio,
931 624 1072 669 ejusque
1100 633 1278 668 tempora,
1318 622 1498 667 depactio,
1533 620 1671 661 scobes³

128 685 208 708 cura
231 684 331 707 novae
355 673 500 718 plantae,
527 673 716 718 amputatio
732 698 740 712 ‚
770 672 1006 716 ablaqueatio,
1034 671 1227 706 stercoratio
1242 697 1251 711 ‚
1280 669 1388 705 foffio.
1450 670 1586 704 Vitium
1605 670 1674 703 cul-

127 731 184 756 tus
198 746 206 760 ,
235 719 306 755 fuse
332 722 363 755 δε
385 733 443 766 per
466 718 605 766 singula.
673 721 796 755 Cultus
816 718 967 765 segetum
983 745 992 759 ‚
1026 719 1251 765 agricolarum
1274 718 1561 757 instrumentum,
1602 718 1674 751 loca

125 767 401 815 frumentorum,
432 768 540 807 vitia,
568 777 731 813 tempora.
1300 776 1302 778 ’
1457 770 1461 771 ’

224 840 326 875 Libro
352 849 468 886 quarto
496 839 610 875 Varia.
662 841 792 876 Iterum
807 866 816 881 ‚
843 842 874 876 &
897 841 1086 876 accuratius
1103 867 1112 880 ‚
1141 840 1182 874 de
1206 837 1392 885 specierum
1415 839 1674 885 degeneratione

126 889 166 924 in
187 889 266 923 alias
289 887 411 933 species
428 914 437 929 ,
478 887 690 934 potissimum.
709 890 747 923 in
772 889 954 924 cerealibus
971 915 979 929 ‚
1022 889 1077 923 cui
1101 887 1204 922 fidem
1231 886 1377 922 adhibet.
1456 887 1560 921 Varia
1583 888 1675 932 legu-

127 936 228 1019 r‘iciiiiis
257 935 482 990 &Gfrumenti
509 935 712 971 discrimina.
766 937 910 972 Coctilia
931 938 962 972 8<
983 937 1165 972 incoc'tilia.
1217 936 1344 970 Denuo
1373 935 1484 970 morbi
1510 933 1675 972 frumenti

200 995 410 1029 eguminum.

223 1056 325 1091 Libro
353 1060 473 1102 quinto.
525 1058 578 1092 De
596 1058 677 1093 artis
699 1057 862 1104 potestate
880 1058 917 1092 in
938 1057 1072 1103 plantis.
1109 1056 1252 1092 Ficuum
1273 1054 1407 1101 species.
1442 1056 1495 1090 De
1519 1055 1571 1095 iis,
1599 1066 1674 1100 quac

123 1102 284 1151 'suspensa
300 1114 470 1151 vegetant.
524 1106 648 1140 Varius
667 1107 861 1151 plantarum
880 1107 991 1140 cultus
1004 1131 1013 1145 ‚
1049 1107 1080 1139 ἃ
1101 1105 1142 1139 de
1166 1116 1281 1139 earum
1300 1104 1427 1138 morbis
1449 1103 1598 1137 uberius.

223 1178 326 1212 Libro
339 1177 442 1222 sexto.
496 1179 663 1223 saporum
677 1191 818 1224 genera:
846 1191 966 1213 eorum
980 1179 1017 1213 in
1032 1178 1156 1223 plantis
1173 1175 1289 1211 causae.
1319 1176 1453 1212 Odores
1469 1188 1548 1211 cum
1560 1174 1676 1221 sapore

127 1225 324 1271 conjuncti,
353 1235 412 1260 aut
435 1224 542 1260 divifl.
608 1226 707 1260 Sedes
733 1227 846 1260 odoris
869 1227 907 1260 in
931 1226 1075 1271 plantis,
1104 1227 1136 1259 ὃς
1156 1224 1292 1270 saporis.
1354 1225 1468 1259 Flores
1495 1225 1533 1259 in
1552 1223 1676 1269 plantis

108 1273 292 1308 -inodoros
318 1272 397 1313 effe,
425 1286 500 1319 quae
528 1282 610 1308 totae
638 1273 789 1309 odoratae
818 1272 894 1308 sint.
945 1274 1050 1308 Mane
1073 1274 1248 1318 plerasque
1269 1273 1400 1317 plantas
1428 1272 1549 1306 melius
1573 1273 1673 1306 olere.

224 1346 272 1380 Hi
288 1343 349 1380 sex·
361 1345 437 1380 libri
456 1345 667 1390 conjunctim
680 1346 892 1390 prodierunt,
917 1357 1062 1390 cum-que
1078 1343 1229 1384 historia,
1253 1344 1410 1379 Veneriis
1428 1344 1554 1389 absque
1569 1355 1674 1384 anno,

128 1391 212 1428 folio
233 1393 296 1438 (m)
325 1393 414 1438 apud
433 1395 596 1429 ALDUM:
639 1406 731 1427 anno
759 1403 859 1437 1495.
878 1392 936 1427 fol.
964 1393 1039 1437 (n),
1074 1397 1172 1436 1498.
1199 1390 1257 1426 fol.
1290 1400 1390 1434 1503.
1411 1390 1468 1426 fol.
1502 1400 1602 1434 1552.
1624 1397 1672 1431 8⁰.

123 1441 247 1476 Latine
270 1440 414 1476 Tarvilii
437 1454 528 1476 anno
555 1446 620 1484 148
629 1451 656 1483 3.
685 1440 743 1476 fol.
779 1441 935 1475 Venetiis
958 1453 1049 1475 anno
1075 1449 1177 1483 1504.
1205 1438 1264 1473 fol.
1301 1437 1430 1473 Pariffis
1453 1451 1544 1473 anno
1573 1448 1674 1481 1529.

128 1493 205 1529 8⁰„
228 1490 318 1534 apud
343 1490 624 1529 Wncmzmum,
655 1502 730 1535 quae
754 1502 827 1524 mea
861 1488 908 1523 est
939 1489 1043 1523 editio
1059 1514 1068 1528 ‚
1106 1489 1204 1522 aucta
1230 1485 1406 1521 necessaria
1437 1487 1574 1526 tabula,
1610 1499 1676 1532 qua

125 1538 271 1571 nomina
290 1549 396 1583 graeca
417 1538 531 1572 latinis
558 1538 673 1573 GAZAE
704 1537 902 1572 nominibus
923 1544 1148 1582 opponuntur
1172 1534 1237 1576 (ο).
1290 1535 1394 1569 Porro
1423 1533 1555 1568 Bafileae
1582 1547 1675 1569 anno

133 1594 234 1628 1534.
262 1583 319 1620 fol.
355 1594 455 1629 1541.
478 1584 536 1619 fol.
574 1595 674 1629 1550.
699 1584 757 1620 fol.
787 1585 948 1631 Lugduni
968 1597 1058 1619 anno
1086 1591 1187 1627 1552.
1211 1581 1270 1617 fol.
1297 1584 1328 1617 &
1351 1594 1430 1617 cum
1451 1582 1559 1629 priori
1576 1595 1675 1629 opere

130 1644 172 1666 ex
196 1632 345 1668 editione
369 1634 522 1669 mesn
537 1658 546 1673 ‚
586 1646 687 1678 quem
714 1633 873 1668 diximus.

228 1705 348 1740 Codex
366 1707 490 1741 latinus
513 1705 619 1741 exstat
640 1707 676 1741 in
701 1706 779 1742 Bibl.
799 1705 902 1750 Paris]
925 1718 958 1740 n.
980 1709 1084 1750 6794.
1113 1707 1144 1740 ἃς
1162 1707 1355 1751 plantarum
1376 1717 1418 1741 ex
1440 1705 1677 1742 ΤΗΕΟΡΗΚΔ-

131 1762 204 1789 8Το
232 1754 371 1789 nomina
398 1755 504 1799 magis
532 1754 633 1788 obvia
659 1755 703 1789 II.
737 1767 770 1789 n.
800 1759 904 1799 2408.
935 1767 1051 1800 graece.
1564 1775 1568 1776 ν

227 1826 373 1915 Libogrgl.
388 1826 484 1916 {olus
504 1840 609 1872 graece
628 1828 719 1862 Paris
741 1839 832 1862 anno
858 1835 958 1871 1550.
980 1833 1030 1871 4⁰.
1059 1825 1115 1872 (p)
1143 1828 1176 1861 &
1199 1826 1283 1861 iiber
1302 1826 1364 1861 Vl.
1389 1837 1494 1872 graece
1519 1827 1552 1861 ἃ
1572 1826 1675 1862 latine

131 1885 223 1909 anno
254 1884 293 1918 15
348 1902 354 1909 .
410 1881 436 1909 ⁰.
495 1882 496 1885 ’

229 1948 500 1984 Commentarios
525 1952 560 1990 J.
590 1952 622 1985 C.
652 1950 859 1986 SCALIGl-:Rl
884 1948 1047 1995 Lugduni
1068 1960 1158 1983 anno
1181 1951 1282 1990 1566.
1298 1946 1356 1982 fol.
1379 1945 1530 1987 excusos,
1550 1946 1675 1992 absque

133 1994 204 2041 ipso
228 1995 512 2032 THEOPHRASTx
540 2009 662 2043 opere,
698 1999 730 2033 ὃς
762 1999 903 2033 VIGNAE
931 1998 1142 2043 aliorumque
1165 1996 1214 2032 Cl.
1237 1996 1392 2034 virorum
1411 1995 1491 2031 alias
1513 1995 1675 2030 dicemus.

879 2046 907 2081 E
934 2053 952 2088 3
1547 2043 1677 2078 Taso-

175 2090 223 2126 (h)
245 2090 267 2120 C
290 2100 334 2121 η.

176 2131 215 2166 (ἰ)
237 2130 268 2161 C.
296 2141 340 2166 15.
368 2133 411 2161 16.

174 2169 223 2206 (k)
244 2169 275 2200 C.
301 2179 345 2207 17.
372 2175 416 2204 18.
443 2179 489 2208 19.
512 2180 560 2205 κο.

175 2208 213 2246 (l)
234 2209 266 2240 C.
291 2219 338 2240 21.

176 2248 234 2284 (m)
255 2248 406 2283 Sscmn.

175 2288 223 2324 (n)
246 2287 337 2317 Imm.

175 2329 220 2363 (ο)
242 2327 391 2360 Ξυουιει.
419 2326 523 2358 Tur.

176 2368 223 2405 (p)
245 2367 395 2401 Saouxu.
