2138 2854
412 107 459 145 28
489 127 492 130 <
810 98 910 136 zm.
939 99 966 134 1.
1017 92 1323 133 AUCTORES
1360 90 1554 129 GRAECI.

408 209 495 237 zius
518 199 534 238 (
570 199 609 241 ).
635 194 840 232 animavit.
892 192 1023 228 Verum
1046 204 1084 227 ea
1107 191 1225 237 opinio
1251 189 1364 224 locum
1386 186 1510 225 habere
1531 197 1604 222 non
1626 184 1755 231 potest,
1780 183 1955 232 saepiffime

407 247 502 283 enim
519 258 538 282 e
551 243 697 282 uterium
713 255 793 279 cum
810 243 884 278 aliis
897 267 907 282 ,
935 242 967 277 ἀ
988 252 1065 276 cum
1089 235 1430 277 omnibus-fortibus
1455 233 1680 282 purgantibus
1702 234 1956 271 medicamentis

411 296 451 332 in
471 292 591 330 eodem
608 290 760 327 sermone
779 291 876 329 redit,
895 299 935 324 ut
948 299 1067 323 corum
1079 298 1199 333 genus,
1215 285 1264 320 ita
1277 293 1316 320 ut
1328 283 1402 320 haee
1414 283 1542 319 elaterii
1557 280 1680 329 species
1695 281 1756 318 effe
1771 291 1955 329 nequeant.

410 343 457 380 Et
472 353 517 379 ex
533 351 711 378 cucumere
734 337 883 385 sylvestri
903 336 1077 371 elaterium
1100 334 1262 379 componi
1284 331 1482 368 manifestus
1500 332 1618 366 auctor
1642 330 1958 369 Tunopmsrus

411 389 460 427 est
477 391 546 437 (g),
566 399 675 434 eoque
695 389 781 427 loco,
800 398 869 431 quo
881 385 930 419 ait
942 383 1098 418 omnium
1116 381 1442 417 medicamentonim
1459 379 1603 416 maxime
1618 377 1770 414 durabile
1788 377 1860 418 ess'c,
1880 390 1961 413 cum

412 436 618 484 fimplicibus
639 434 890 470 medicamentis
912 430 989 466 solis
1013 439 1186 477 comparat
1211 427 1277 469 (h).
1330 428 1512 464 GALENus
1539 425 1628 473 ipse,
1660 428 1693 463 &
1717 427 1777 472 qui
1802 438 1882 462 eum
1904 438 1962 462 ex-

414 483 644 532 scripserunt,
680 483 855 518 elaterium
879 479 1017 514 succum
1037 478 1202 514 dixerunt
1224 475 1391 522 sylvestris
1415 475 1604 511 cucumeris
1632 478 1688 516 (ι’).

514 558 651 602 Duplex
673 556 763 590 enim
788 554 843 588 hic
866 552 993 588 vitium
1017 549 1137 587 subest.
1201 549 1344 585 Veteres
1368 549 1485 589 nulla,
1512 560 1589 594 quae
1611 545 1831 589 sufficerent,
1872 545 1965 594 signa

418 605 487 643 suis
513 606 636 652 plantis
659 603 884 640 addiderunt,
912 598 998 646 saepe
1021 599 1164 635 omnino
1186 599 1289 633 nulla.
1364 597 1410 633 Et
1435 606 1522 633 artes
1537 622 1547 637 ,
1583 594 1719 642 ipsaque
1742 608 1795 632 res
1817 608 1896 632 cum
1923 595 1963 630 iis

418 654 574 692 herbaria
597 653 633 687 in
664 649 940 696 septentrionales
964 648 1077 694 plagas
1103 646 1321 692 migrarunt,
1362 645 1400 680 in
1430 645 1555 690 quibus
1586 645 1740 690 plurimae
1772 645 1895 690 plantae
1923 654 1967 678 ex

421 700 492 749 ipsa
514 710 643 737 naxurae
669 701 738 745 lege
760 695 1014 736 desiderantur,
1047 706 1124 741 quae
1149 694 1321 730 veteribus
1344 691 1523 729 Familiares
1547 691 1698 728 fuerunt.
1775 694 1892 736 Qare
1920 690 1967 726 se-

420 752 500 786 culo
518 749 648 783 decimo
667 745 783 787 sexto,
822 756 901 780 cum
918 743 962 781 ad
981 741 1110 779 nostras
1160 743 1268 778 lautas
1290 741 1432 777 nomina
1462 739 1617 786 stirpium
1644 739 1735 786 apud
1761 750 1892 776 veteres
1917 751 1969 774 re-

423 797 519 835 censa
544 796 697 841 adaptare
719 801 917 840 oporteret,
959 789 1078 827 misere
1106 754 1158 826 eil,
1175 789 1230 825 his
1254 790 1291 825 in
1320 789 1444 835 plantis
1473 789 1651 824 titulatum
1684 789 1717 824 &
1746 787 1967 834 disputatum.

424 847 647 891 Aliquantum
667 843 771 878 etiarn
790 841 824 877 id
845 841 911 875 arti
934 840 1074 878 nocuit,
1120 838 1214 884 quod
1233 839 1425 884 plantarum
1446 837 1587 872 nomina
1615 836 1705 882 apud
1732 837 1815 872 alias
1837 837 1869 873 ἃ
1890 837 1969 872 alias

424 894 566 930 Graeciae
599 900 717 937 gentes
749 890 823 925 aliae
853 887 1003 928 fuerint,
1044 887 1335 926 ATHENOENSRS,
1369 885 1485 931 inquit
1514 886 1659 921 sumas
1685 884 1777 929 (k),
1812 887 1972 925 esven&-

426 943 611 979 dixerunt,
636 950 741 985 quam
763 949 826 973 nos
850 943 1005 982 (εφαινον,
1033 936 1066 971 &
1093 941 1227 979 ςιΦανο·
1251 945 1354 979 quam
1374 945 1438 969 nos
1463 932 1607 975 aeaut-3¹2·
1633 933 1714 974 (1),
1766 933 1876 970 Unica
1900 930 1972 978 spes

426 989 517 1026 foret
537 989 573 1023 in
594 987 677 1022 viris
698 986 811 1032 gnaris
827 1011 837 1026 ,
875 984 935 1030 qui
963 984 1000 1018 in
1028 983 1084 1018 illa
1109 982 1207 1017 beata
1231 981 1386 1020 Graecia,
1418 990 1495 1016 tum
1511 980 1698 1027 Europaea,
1735 989 1811 1016 tum
1831 979 1975 1017 Afiatica

428 1043 742 1074 commorarentur,
768 1034 801 1068 &
819 1033 961 1068 nomina
977 1032 1178 1067 Graecorum
1198 1029 1444 1065 modernorum
1466 1038 1729 1076 aucuparentur,
1754 1041 1830 1075 quae
1850 1029 1974 1075 plantis

430 1085 548 1134 patriis
569 1084 754 1130 imponunt
769 1106 779 1122 ‚
816 1082 847 1118 &
869 1092 945 1127 quae
965 1077 1034 1117 fere
1052 1077 1270 1126 antiquitatis
1295 1075 1433 1123 vestigia
1454 1087 1589 1123 gerunt.
1664 1077 1792 1114 Itinera
1815 1078 1974 1124 aliquam,

433 1146 504 1169 non
528 1142 642 1167 tamen
666 1141 742 1175 qua:
764 1126 955 1169 sufficeret,
983 1127 1092 1163 lucem
1113 1126 1321 1162 adtulerunt.
1374 1125 1464 1161 Nam
1495 1126 1528 1160 ἃς
1556 1123 1615 1170 ipsi
1650 1125 1716 1160 loci
1745 1127 1870 1161 natales
1901 1137 1979 1171 pro-

433 1181 579 1216 babilem
607 1177 755 1214 reddunt
784 1175 896 1222 spem,
950 1187 1004 1212 eas
1050 1176 1156 1211 lautas
1177 1186 1197 1209 a
1217 1173 1388 1209 veteribus
1413 1171 1554 1218 potuiffe
1578 1173 1704 1212 dietas,
1742 1172 1852 1218 adque
1873 1172 1980 1208 medi-

434 1230 545 1266 cinam
567 1225 752 1263 faciendam
773 1224 940 1259 adhibitas
961 1221 1011 1259 fui
1038 1235 1076 1263 e,
1111 1233 1187 1268 quae
1213 1220 1352 1260 iisdem,
1386 1232 1473 1266 quos
1493 1219 1718 1261 indicassent,
1756 1221 1838 1257 loeis
1868 1219 1981 1256 nasce-

435 1286 562 1314 rentur.
616 1275 669 1310 lta
691 1274 907 1310 Eunomus
930 1272 967 1307 in
989 1271 1111 1307 itinere
1134 1267 1251 1316 paffim
1272 1269 1403 1314 plantas
1427 1268 1617 1309 indicavit,
1649 1280 1726 1314 quae
1753 1269 1875 1305 iisdem
1897 1270 1980 1305 loeis

433 1323 669 1374 proveniunt,
696 1332 784 1368 quos
803 1329 933 1355 veteres
946 1315 1194 1356 recensuiffent,
1217 1318 1250 1352 &
1274 1316 1614 1352 TOURNBFOR‘rms
1638 1316 1677 1351 iu
1695 1317 1808 1352 Ponto
1826 1326 1982 1353 veterum

439 1374 589 1420 plantam
609 1370 719 1410 eruit,
758 1379 861 1414 quam
883 1366 1054 1412 probabile
1076 1363 1116 1400 fit
1137 1365 1204 1400 mel
1225 1362 1417 1399 colchicum
1438 1362 1637 1399 venenaffe:
1685 1365 1717 1399 &
1741 1377 1820 1400 cum
1843 1366 1982 1412 vulgare

440 1418 656 1456 Abfinthium
678 1417 766 1453 circa
787 1415 938 1459 Sinopen
960 1414 1084 1459 legeret
1097 1437 1108 1451 ,
1136 1423 1208 1447 non
1227 1411 1382 1455 imperite
1406 1411 1575 1456 conjecit,
1606 1423 1731 1446 novam
1752 1413 1902 1458 plantam
1921 1411 1982 1448 effe

440 1469 473 1505 &
488 1466 635 1502 necdum
650 1463 748 1501 nobis
763 1462 898 1502 dicium,
916 1473 992 1508 quae
1007 1458 1176 1496 Abfinthii
1191 1459 1325 1495 Pontici
1339 1458 1479 1494 nomine
1497 1459 1668 1495 veteribus
1685 1459 1886 1496 innotuiiset
1903 1462 1980 1502 (m).

537 1537 671 1574 Deinde
690 1536 806 1571 multae
826 1534 970 1569 omnino
990 1532 1106 1578 stirpes
1128 1529 1186 1567 ma
1206 1532 1348 1566 nomina
1365 1531 1592 1568 retinuerunt.
1645 1532 1686 1568 In
1705 1532 1827 1569 itinere
1844 1531 1905 1569 suo
1927 1534 1984 1576 (n)

441 1588 780 1626 TouRNBPORTms
805 1582 952 1628 reperit,
990 1581 1135 1616 abietem
1153 1580 1190 1615 in
1211 1580 1322 1615 Ponto
1342 1579 1474 1616 Peucen
1493 1580 1628 1620 vocari,
1674 1582 1706 1616 δε
1728 1582 1828 1617 aliam
1844 1580 1987 1628 speciem

444 1644 556 1670 ιλιτιι-
580 1635 644 1678 (ο).
708 1632 780 1670 lta,
813 1631 959 1666 Sromo
982 1628 1082 1668 teste,
1117 1627 1227 1665 Graeci
1252 1626 1366 1662 nostro
1389 1637 1541 1673 tempore
1562 1628 1685 1663 Pinum
1709 1633 1825 1666 Peuces
1848 1641 1985 1673 vocant,

444 1683 621 1729 Thymum
645 1678 812 1719 Yhimari,
839 1677 1028 1713 Fumariam
1052 1679 1193 1723 capnia,
1221 1676 1348 1711 Rorem
1368 1676 1536 1710 marinum
1561 1675 1842 1719 Dendrolibanon,
1872 1679 1989 1718 Petro-

446 1731 590 1769 selinum
610 1725 838 1766 Makedoniki,
874 1725 1042 1760 Hederam
1065 1722 1183 1770 Kiffi>5‚
1222 1722 1417 1770 Buglofl'um
1441 1722 1702 1772 Voidioglrffum,
1729 1726 1864 1763 scillam
1889 1725 1990 1764 Shno.

446 1778 597 1818 cborton,
633 1774 865 1822 Plantaginem
893 1777 1128 1810 Pentaneurum
1153 1771 1220 1820 (p).

1865 1823 1991 1868 Quoad

491 1941 549 1980 (f)
560 1949 597 2011 ἰ.
618 1948 681 1978 ¹⁴7·
724 1936 1017 1985 OlimnEnoruuus
1040 1946 1069 1976 p.
1090 1945 1135 1975 24.
1159 1936 1190 1968 ἃ
1216 1931 1278 1975 ips·
1297 1932 1452 1966 cium:
1473 1944 1533 1966 coc.
1559 1937 1646 1975 Hipp.
1671 1936 1819 1976 interpret.

491 1985 503 2017 (
526 1984 539 2018 )
585 2004 592 2012 .
613 1980 663 2010 ΙΧ.
683 1987 705 2009 c.
728 1988 772 2014 ις.
797 1979 851 2008 διε.
877 1977 1025 2010 Fuimus.

492 2025 504 2058 ί
533 2018 775 2055 )1..1x.c.14

491 2064 531 2097 (ἰ)
553 2061 676 2096 simplic.
694 2056 752 2095 fac.
779 2057 806 2087 L.
824 2054 900 2087 VIII.

493 2103 541 2136 (k)
567 2099 603 2129 ΙΙΙ
643 2107 661 2135 ρ
692 2106 756 2134 252.
781 2105 846 2133 253.
883 2095 1009 2124 Ponte«
1032 2104 1059 2131 p.
1084 2103 1147 2131 ης,

495 2142 533 2176 (l)
554 2138 671 2176 Antiqui
694 2149 800 2165 amun
832 2135 968 2164 dixerunt
983 2157 991 2170 ,
1016 2144 1076 2171 qux
1097 2140 1203 2172 μφωσ
1225 2133 1410 2164 Arum-un
1430 2129 1452 2164 I.
1477 2141 1507 2172 p,
1531 2141 1576 2172 ¹7·

495 2182 555 2213 (ml
579 2178 649 2208 lbid.
676 2175 723 2206 ΙΙΙ.
749 2184 775 2213 ρ.
798 2185 842 2210 ςι.

495 2223 546 2256 (τι)
570 2219 588 2248 Λ
610 2215 785 2255 presbyteri·
805 2213 924 2243 nomina
944 2211 972 2242 se
994 2211 1124 2243 didicisse
1148 2222 1247 2251 voyag.
1272 2211 1293 2243 1.
1314 2220 1344 2250 p.
1367 2220 1433 2250 ιος.

497 2264 543 2294 (ο)
570 2257 640 2288 lbid.
663 2254 698 2286 Τ.
717 2254 766 2285 ΙΙΙ.
791 2263 818 2292 p.
837 2259 883 2288 84.

496 2301 544 2338 (ρ)
567 2298 649 2329 δνοκ
673 2303 771 2332 mag.
793 2295 827 2323 de
850 2292 935 2323 Gre'ce
956 2291 994 2328 ἒξ
1014 2293 1048 2322 de
1068 2292 1218 2324 numme
1237 2291 1276 2326 11.
1302 2300 1330 2331 p.
1351 2300 1418 2330 ¹9⁴1·
