2138 2854
438 167 548 201 CAP.
577 166 602 199 I.
655 161 936 200 ORIGINES
979 161 1072 199 REI
1115 161 1420 198 HERBARIAE.
1683 170 1699 205 5

161 262 255 302 solii.
282 269 342 296 aut
359 259 400 295 ad
417 261 576 295 alendum
594 257 710 295 focum
728 258 937 303 aptitudine,
966 266 1026 293 aut
1045 257 1087 293 ad
1104 257 1260 296 baculos.
1292 258 1322 291 Sc
1339 255 1555 302 tuguriorum
1577 254 1703 292 susten-

162 311 291 349 tacula,
318 308 359 343 ad
381 307 518 342 vincula
533 333 542 347 ‚
579 307 620 341 ad
638 307 744 341 varias
769 306 862 341 rudis
884 305 985 340 seculi
1005 315 1091 341 artes
1111 305 1259 340 utilitate
1282 303 1340 340 sua
1363 303 1394 338 se
1415 304 1700 338 commendarent.

163 358 291 394 Auaus
313 356 396 391 adeo
419 354 572 399 stirpium
587 353 786 388 mortalibus
810 354 1024 399 cognitarum
1047 353 1164 388 census
1186 352 1240 387 est.
1316 352 1546 387 Imitationem
1578 351 1703 385 anima—

158 406 247 441 -lium
281 402 337 449 (2)
355 428 364 442 ‚
410 404 441 437 &
470 402 559 436 vires
589 400 733 435 medieas
763 413 781 435 a
816 400 927 435 bestiis
954 401 1150 435 hominibus*
1181 402 1363 439 revelatas,
1409 398 1555 434 vetustas
1587 398 1703 432 multis

162 452 322 497 exemplis
349 447 521 484 laudavit:
574 449 687 484 Liceat
715 456 830 483 autem
861 448 901 482 de
930 448 999 483 istis
1028 448 1178 483 artificiis
1209 448 1389 482 brutorum
1423 447 1616 481 animalium
1646 445 1702 488 (r)

162 499 324 533 hactenus
346 495 508 532 dubitasse
532 494 600 541 (2).
651 494 693 531 Id
721 508 802 531 vero
814 494 942 541 'potuit
969 497 1113 530 omnino
1142 495 1306 534 evcniffe.
1339 505 1377 530 ut
1406 493 1615 532 necestitate,
1650 494 1706 529 rel

162 545 261 585 cas.,·,
299 545 340 580 ab
362 543 496 590 aegrotis
518 542 717 578 mortalibus
742 543 779 578 in
800 542 901 578 usum
926 553 1067 588 receptzc
1096 543 1207 578 herbae
1234 543 1379 589 imignes
1409 540 1546 577 effeetus
1574 543 1704 586 aliquos

162 594 323 632 ederent,
371 592 430 637 qui
454 590 492 626 in
518 590 618 626 fastos
650 592 822 626 memoriae
847 590 1028 626 hominum
1058 590 1236 637 inscriptos
1265 601 1475 626 mererentur
1502 590 1631 634 recipi,
1672 589 1705 624 &

163 641 222 687 qui
253 640 356 675 iidem
386 639 486 685 primi
514 637 810 674 celeberrimorum
840 638 1162 674 medicamentorum
1191 638 1357 674 beneficas
1382 639 1470 673 vires
1499 638 1702 672 revelarunt.

162 689 297 724 Notum
327 687 373 722 est
393 712 401 727 ,
447 685 695 721 febricitantem
726 686 851 721 Indum
884 686 925 721 de
958 687 1030 721 lacu
1064 686 1178 722 bibisse
1211 686 1267 730 (3)
1284 713 1293 727 ‚
1344 686 1441 731 cujus
1472 683 1706 719 amariflimam

162 748 285 781 aquam
304 735 452 774 invitus,
484 733 671 779 imperante
694 732 748 768 fiti
769 733 947 779 adniififfet
967 747 974 768 :
1015 734 1103 769 Eum
1122 735 1247 769 Indum
1267 734 1357 769 febre
1379 733 1437 768 sua
1457 732 1705 767 inter-mittente

164 796 205 818 ex
226 796 265 818 eo
288 792 373 828 potu
391 783 569 817 liberatum
591 780 685 816 fuiffe
705 807 713 821 ,
757 782 789 816 &
816 793 855 816 eo
881 781 983 816 modo
1012 782 1146 817 corticis
1168 783 1348 817 Peruviani
1369 783 1533 816 virtutem
1558 779 1707 824 primum

162 829 362 870 innotuiffe,
390 841 468 864 cum
487 829 620 864 arbores
639 827 826 864 Cinchonae
851 842 944 865 nune
967 831 1105 864 nomine
1130 840 1227 865 notas
1252 831 1288 864 in
1312 841 1389 864 eum
1415 831 1525 864 lacum
1547 825 1705 872 delapsas,

163 880 195 914 ἃ
215 877 366 923 saporem
388 877 483 923 aquis
507 887 659 911 amarum
682 878 714 912 &
736 878 810 912 vim
832 876 1035 924 febrifugam
1056 876 1270 923 impertiviffe
1293 876 1468 912 constaret.

260 949 350 985 Cum
370 960 452 994 puer
472 945 584 985 sitiens
603 961 674 984 non
697 948 802 984 alium
821 961 942 994 potum
963 949 1150 996 reperiffet,
1179 949 1334 985 innotuit
1361 958 1493 984 acetum
1518 948 1561 984 ad
1585 946 1706 993 aspidis

161 998 269 1033 ictum
290 999 399 1033 valere
427 994 505 1042 (1):
534 999 565 1032 ἃ
588 1009 666 1032 cum
682 996 831 1043 leprosus
849 997 955 1080 homg
973 997 1124 1033 mustum
1142 996 1218 1033 casu
1235 996 1365 1032 bibiffet
1378 1022 1388 1037 ,
1415 997 1453 1031 in
1472 997 1569 1042 cujus
1587 995 1707 1049 cadum

977 1053 1000 1081 2
1592 1054 1708 1089 Vipera

204 1129 252 1166 (2)
276 1128 360 1160 Conf.
383 1129 480 1163 PLuT.
507 1128 596 1170 qztaest.
620 1136 720 1160 natur.
744 1131 775 1163 L.
797 1129 834 1162 ll.

203 1170 251 1206 (ι)
272 1169 365 1199 Draco
384 1180 503 1199 vernam
525 1170 659 1200 nauseam
682 1168 821 1207 sylvestris
843 1170 960 1200 lacrucae
982 1168 1068 1200 succo
1092 1169 1248 1208 abstergit:
1291 1168 1434 1200 Panthera
1460 1169 1613 1209 faucibus.
1644 1174 1708 1196 aco-

244 1208 298 1237 niti
315 1208 460 1246 lycoCtoni
487 1219 602 1238 veneno
619 1209 718 1238 clausis
729 1231 737 1244 ‚
770 1209 890 1238 stercore
907 1210 1035 1239 humano
1053 1210 1184 1239 medetur
1208 1210 1294 1240 Ptm.
1311 1209 1341 1241 L.
1357 1209 1432 1241 Vill.
1447 1219 1472 1240 c.
1489 1206 1707 1246 2⁴72'‘Di⁴6tamni

243 1247 318 1277 vires
348 1247 523 1277 vulnerari-as
552 1257 643 1277 cervae
669 1248 862 1277 monstrarunt
891 1247 919 1279 L.
947 1247 1042 1278 XXV.
1071 1258 1100 1278 n.
1126 1259 1170 1286 53.
1215 1249 1448 1278 Tnaopnmsr.
1475 1250 1504 1279 L.
1529 1247 1580 1278 lX.
1606 1257 1630 1276 c.
1663 1248 1706 1276 16.

242 1287 381 1319 ΑκιιΛΝ,
401 1298 462 1316 var.
486 1286 542 1316 led.
567 1286 596 1318 L.
613 1287 632 1318 1.
653 1297 678 1318 c.
694 1297 737 1318 ιο.
783 1287 902 1316 Crenao
925 1295 986 1318 nat.
1003 1291 1086 1317 Deor.
1109 1288 1140 1319 ll.
1185 1286 1270 1317 Seseli
1289 1288 1390 1316 eadem
1414 1297 1504 1317 cervae
1524 1288 1551 1317 se
1571 1291 1706 1325 purgant.

242 1326 380 1356 Anum.
406 1326 434 1355 L.
455 1325 536 1356 Xlll.
556 1335 580 1357 c.
599 1336 643 1361 50.
687 1323 783 1354 Caffiae
800 1334 912 1363 partem
932 1325 1059 1364 ligneam
1082 1325 1178 1356 alvum
1203 1327 1308 1356 ducere
1331 1337 1347 1355 a
1375 1326 1459 1356 simiis
1481 1326 1614 1356 homines
1634 1324 1709 1354 didi·

244 1370 346 1394 cerunt
367 1363 501 1394 FALLoP.
516 1363 784 1402 pztrgant.fimplic.
798 1372 842 1401 35.
888 1364 1016 1402 Mungos
1034 1362 1161 1394 radicem
1179 1366 1351 1401 (Haemum
1369 1369 1450 1396 Exot.
1468 1366 1533 1395 fasc.
1549 1365 1597 1398 ΙΙΙ,
1609 1373 1633 1394 c.
1648 1362 1708 1398 ιο.)

244 1402 452 1433 animalculum
475 1403 511 1433 de
531 1404 648 1432 viverrae
667 1413 773 1441 genere
790 1404 933 1439 devorat,
964 1406 990 1433 ἃ
1012 1411 1106 1434 tutum
1126 1413 1195 1434 cum
1210 1404 1340 1442 serpente
1356 1412 1467 1443 pugnat
1482 1404 1604 1435 Auc‘lar.
1628 1403 1706 1433 herb.

244 1445 320 1472 amb.
343 1452 365 1472 c.
388 1452 430 1480 37.
453 1452 496 1479 53.
549 1442 583 1472 G.
607 1442 643 1472 ab
665 1442 760 1472 ORTA
783 1441 814 1474 L.
840 1442 860 1475 1.
880 1452 905 1473 e.
926 1453 971 1479 ⁴4·
996 1444 1022 1473 ἃ
1047 1443 1202 1472 Locum-a
1223 1444 1254 1473 in
1278 1452 1373 1481 psopr.
1396 1443 1455 1474 diss.
1481 1444 1528 1481 qui
1548 1443 1648 1472 eadem
1666 1451 1710 1470 ra·

245 1482 310 1512 dice
332 1482 362 1510 in
384 1481 513 1520 maligno
533 1481 636 1511 morbo
657 1481 720 1512 usus
741 1481 789 1513 est.
832 1481 926 1517 Junco
950 1482 1049 1512 oculos
1064 1482 1182 1512 suffusos
1199 1492 1331 1520 capream
1356 1491 1563 1521 conpungere,
1593 1490 1710 1519 capram

243 1521 317 1551 rubo
349 1521 479 1551 Gnopow
512 1521 541 1551 L.
564 1527 606 1556 ιε.
636 1530 661 1553 c.
685 1526 727 1554 ¹8-
772 1520 863 1552 pun.
888 1520 1013 1553 L.v111.
1034 1530 1058 1553 c.
1083 1532 1128 1557 ςο.
1177 1523 1312 1551 Annam.
1335 1522 1365 1552 L.
1384 1522 1444 1554 Vll.
1469 1532 1492 1554 c.
1517 1533 1561 1557 ¹4·
1617 1521 1710 1551 Lauro

245 1561 294 1589 fibi
319 1570 437 1590 cervum
457 1560 589 1595 mederi,
620 1561 738 1598 quando
759 1559 965 1590 chamaeleone
994 1561 1120 1591 comesto
1143 1561 1194 1591 fibi
1217 1561 1318 1591 nocuit
1345 1561 1434 1594 Pus.
1458 1561 1489 1594 L.
1512 1561 1588 1594 vm.
1613 1570 1638 1593 e.
1661 1569 1708 1597 27.

245 1598 441 1637 Elephantum
461 1599 580 1629 oleastro
601 1599 640 1632 ib.
663 1600 682 1630 1.
703 1609 718 1629 c
746 1609 792 1638 27.
838 1600 1025 1630 Testudinem
1044 1609 1145 1630 eontra
1162 1600 1301 1639 serpentis
1322 1601 1444 1631 morsum
1464 1601 1491 1631 se
1509 1601 1629 1639 origano
1648 1609 1710 1629 mu-

245 1639 308 1670 nire
332 1640 497 1669 Annuus
531 1641 621 1669 anim.
654 1638 685 1669 L.
705 1639 750 1669 Vl.
784 1648 808 1670 c.
832 1649 875 1672 11.
942 1640 998 1669 liro
1021 1640 1117 1670 ursum
1157 1641 1289 1670 intestina
1318 1640 1367 1669 fibi
1391 1651 1441 1678 per
1471 1641 1596 1670 hiemem
1633 1647 1710 1678 pene

246 1685 371 1708 connata
396 1688 461 1708 vere
485 1677 606 1708 liberare
631 1678 712 1707 Imm
743 1678 774 1711 L.
793 1678 841 1710 VI.
878 1689 902 1711 c.
924 1688 946 1716 3.
989 1680 1126 1709 eumdem
1155 1680 1344 1718 mandragora
1373 1688 1548 1709 venenatum
1574 1679 1710 1709 formicas

246 1717 374 1747 lambere
396 1717 485 1747 ΡωΝ.
508 1717 530 1747 L
562 1717 635 1747 V111.
661 1727 685 1748 c,
708 1727 753 1755 27.
796 1728 894 1747 annua
918 1717 1029 1748 fastidia
1048 1719 1199 1757 gracuIOS,
1229 1719 1376 1756 perdices,
1400 1719 1522 1749 merulas
1543 1719 1614 1749 lauri
1632 1717 1710 1747 foliis

247 1766 406 1794 expurgare
432 1757 519 1788 Ptin.
544 1756 574 1788 L.
595 1756 660 1787 VIII
689 1766 713 1786 c.
733 1766 780 1793 27.
827 1756 1005 1793 columbas,
1028 1766 1148 1787 turtures
1170 1760 1195 1788 ἃ
1216 1758 1324 1795 galim,
1346 1757 1482 1794 helxine,
1505 1759 1626 1793 anseres,
1643 1766 1711 1786 ana-

246 1802 289 1826 tes
311 1796 453 1826 sideritide
474 1806 508 1826 eo
531 1795 589 1825 fine
611 1796 653 1826 uti
678 1796 721 1826 ln.
748 1796 899 1833 accipitres
926 1796 1043 1827 hieracii
1075 1797 1158 1827 succo
1186 1797 1279 1827 oculis
1312 1798 1418 1827 mederi
1451 1799 1584 1830 ΛιῑωΛΝ,
1617 1799 1709 1827 anim.

246 1835 278 1867 L.
296 1835 331 1865 Il.
354 1845 377 1866 e.
400 1846 445 1872 43.
490 1835 660 1873 Serpentem
682 1835 825 1865 senectam
846 1836 882 1865 de
903 1835 995 1866 oculis
1020 1837 1164 1874 dejicere,
1193 1836 1334 1866 foeniculo
1352 1838 1471 1866 admoto
1501 1837 1583 1867 lomi
1605 1837 1635 1867 L.
1654 1835 1708 1866 lx.

248 1884 273 1906 c.
297 1878 341 1904 16.
383 1875 514 1904 Perdices
530 1897 538 1910 ‚
562 1875 707 1911 ciconias,
730 1873 884 1912 palumbos
906 1875 1057 1913 origanum
1076 1876 1187 1906 vulneri
1204 1876 1356 1914 imponere
1376 1876 1421 1908 In.
1446 1876 1475 1907 L.
1495 1876 1529 1909 V.
1553 1886 1577 1908 c.
1597 1880 1643 1912 46.
1687 1876 1712 1904 Α

248 1914 369 1943 canibus
387 1914 507 1943 herbam
525 1914 698 1949 edentibus,
721 1921 753 1943 ut
770 1913 866 1943 alvum
889 1915 938 1943 fibi
963 1915 1081 1951 ducant,
1101 1925 1191 1945 artem
1214 1916 1369 1953 purgandae
1382 1915 1439 1945 alvi
1464 1916 1615 1954 AEgyptios
1638 1915 1712 1944 didi-

248 1952 314 1982 ciss'e
336 1953 381 1984 Io.
406 1953 476 1982 ibid.
502 1953 659 1983 Parietar3·ae
681 1954 755 1982 vires
773 1953 808 1982 ad
830 1953 973 1983 calculum
993 1954 1186 1992 frangendum
1212 1956 1333 1992 perinde
1350 1965 1368 1984 a
1387 1965 1460 1985 cane
1482 1963 1563 1992 ajunt
1586 1955 1612 1985 se
1638 1954 1712 1984 didi-

249 1992 314 2022 ciffe
346 1992 507 2022 BoccoNa.
558 1992 667 2028 Canis,
702 1993 747 2021 cui
777 1993 835 2021 dati
860 1993 970 2023 cocculi
987 2015 995 2029 ‚
1029 2004 1147 2031 gramen
1179 1994 1321 2032 quaelivit,
1345 2001 1377 2024 ut
1398 2004 1542 2024 venenum
1565 2000 1712 2024 evomeret

247 2030 390 2060 ann
412 2034 461 2062 cic.
486 2038 585 2071 aquat.
609 2041 637 2069 p.
657 2042 703 2068 90.
754 2031 955 2069 Contrayervae
987 2033 1066 2062 usum
1090 2034 1126 2063 ab
1147 2044 1203 2063 ove
1227 2034 1345 2071 gibbosa
1372 2037 1498 2072 Vigogna
1516 2035 1648 2064 homines
1670 2032 1712 2061 di-

250 2070 366 2106 dieisre,
391 2080 453 2108 quae
471 2081 503 2100 ea
525 2071 620 2100 radice
641 2071 768 2100 vescatur
793 2073 884 2104 Gaeiler.
905 2074 938 2101 di
958 2075 1078 2101 minerv.
1102 2073 1119 2101 l,
1137 2084 1163 2110 p.
1185 2082 1229 2109 25.
1283 2073 1431 2102 Hellebori
1458 2074 1516 2103 vim
1540 2080 1711 2111 purgantem

250 2108 432 2139 Memmeus
454 2120 470 2140 a
491 2111 584 2147 capris
602 2110 708 2140 dicitur
736 2109 873 2140 habuisse.
916 2111 1000 2141 Cervi
1020 2121 1036 2141 a
1052 2111 1208 2150 phalangio
1229 2112 1348 2150 percussi
1370 2122 1488 2142 cancros
1508 2113 1597 2142 edunt
1619 2112 1709 2143 Ptin.

239 2146 282 2193 ,L
300 2147 375 2177 vul.
397 2158 412 2178 c
438 2158 483 2187 27.
527 2150 663 2179 ΛκιιΛΝ.
687 2160 741 2180 var
769 2149 825 2181 lec‘l.
848 2149 879 2180 L.
897 2150 979 2184 xm.
1000 2160 1024 2181 c.
1048 2162 1091 2188 50.
1146 2152 1228 2182 Plura
1252 2151 1372 2182 collecta
1392 2152 1460 2182 vide
1481 2153 1557 2191 apud
1580 2153 1712 2182 Armo-

252 2196 355 2221 ιιυΜ,
386 2197 402 2216 a
421 2187 580 2219 Fannxcio
601 2190 633 2218 in
654 2191 719 2219 bibl.
740 2200 831 2227 graeca
852 2189 973 2223 editum.

213 2224 262 2262 (2)
283 2225 436 2255 Dubitavit
459 2234 526 2256 ante
550 2237 597 2258 me
625 2228 846 2258 Vnusuums
877 2229 900 2259 L
928 2230 976 2262 ΠΙ.
1000 2226 1095 2270 offi=rv.
1124 2239 1156 2268 p.
1184 2239 1247 2270 127.
1295 2232 1386 2262 Galer.
1410 2233 1443 2262 di
1463 2233 1584 2266 minerv.
1608 2230 1638 2264 L.
1661 2229 1711 2264 lv.

251 2274 279 2303 p.
305 2274 367 2301 342.
411 2265 554 2296 Graminis
574 2267 664 2305 asperi
685 2268 767 2300 usum
786 2269 858 2306 picae
876 2278 982 2300 canum
999 2271 1136 2308 imputat.

210 2303 259 2341 (3)
280 2303 418 2333 Gsovam
441 2312 512 2336 mat,
535 2309 607 2336 med.
628 2308 683 2345 &Q

209 2344 258 2382 (ι)
280 2342 365 2374 Cius.
387 2343 418 2374 L.
440 2354 467 2375 v.
492 2354 515 2377 c.
540 2353 588 2383 27.
