2138 2854
266 99 362 134 CAP.
387 99 540 132 XXXVI·
579 97 907 155 DIOSCQRIDES.
964 98 1058 133 CAP.
1085 100 1255 134 XXXVII.
1292 97 1563 135 EUPORISTA.
1639 102 1686 143 87

142 193 222 228 ibid.
293 193 388 227 Alius
414 193 521 227 codex
548 202 700 227 mutatus
727 193 765 228 in
788 191 934 228 Parisma
961 180 1041 236 (r).
1118 198 1366 238 ΑντιΦᾱςμᾱκαν
1392 194 1501 229 codex
1524 194 1629 231 exstat
1647 195 1685 232 in

142 239 345 276 bibliotheca
362 240 510 275 medicea
534 245 575 282 (s
585 239 612 281 ).

238 313 409 347 Caeterum
432 312 515 347 dum
536 312 577 347 de
600 312 750 356 principe
772 311 971 348 Graecorum
998 313 1039 351 de
1063 325 1098 349 re
1120 311 1274 349 herbaria
1298 312 1502 360 scriptorum
1522 325 1586 361 ago
1600 340 1610 354 ‚
1646 314 1685 349 li-

143 369 215 396 ceat
238 372 347 394 meam
369 360 409 394 de
433 360 551 405 peritia
572 360 644 404 ejus
671 360 780 404 gentis
805 360 841 393 in
866 360 1020 406 stirpium
1043 360 1182 396 historia
1204 360 1406 397 sententiam
1428 362 1548 398 dicere.
1590 363 1684 397 Gens

141 407 317 453 ingeniola
344 420 416 442 non
437 417 514 452 apta
532 416 603 442 erat
621 406 662 441 ad
679 408 808 441 lentam
828 419 941 442 rerum
962 410 1169 444 naturalium
1185 411 1528 456 contemplationem,
1568 407 1684 454 seque-

141 456 242 490 batur
272 453 401 490 summa
429 467 566 494 rerum,
617 466 728 498 neque
769 466 952 490 numerum
985 456 1096 491 inibat
1131 458 1304 502 partium,
1352 470 1463 503 neque
1491 456 1682 496 mensuras,

141 515 252 547 neque
280 503 417 537 demum
444 501 568 548 figuras
593 500 723 536 curiose
749 501 942 537 definiebat.
1033 504 1105 538 Vix
1124 505 1296 549 quaerebat
1317 505 1503 550 quidquam
1518 530 1528 545 ‚
1563 513 1684 550 praeter

141 550 258 595 stirpes
283 550 321 584 in
347 550 514 584 medicina
539 550 663 588 utiles,
705 559 765 584 aut
797 549 839 584 ad
870 559 957 585 artes
986 552 1114 596 aliquas
1147 551 1347 587 necefl'arias.
1422 553 1508 588 Non
1530 552 1684 597 undique

141 598 321 643 ignorabat
339 609 505 643 generum
525 597 748 643 dignitatem3
795 598 891 642 plura
905 599 1072 638 Gerania,
1101 600 1213 644 plures
1229 600 1451 635 Ranunculos
1476 601 1686 636 131050οΚ1-

142 656 209 682 Des
230 644 462 691 adgnoscebat.
492 645 623 680 Verum
638 645 750 680 Graeci
759 645 900 680 minime
913 645 1142 681 exhauserunt
1153 656 1282 682 naturae
1303 648 1449 688 divitias,
1467 660 1549 693 quas
1569 648 1608 682 in
1626 646 1686 683 sua

142 692 323 739 polsimum
345 694 451 738 patria
469 691 680 738 possidebant
700 691 879 728 immensas
893 719 902 733 ‚
916 705 927 707 “
939 692 964 728 si
988 695 1159 741 Olympos
1184 693 1262 729 suos
1277 721 1285 735 ‚
1317 694 1547 741 frigidiffimos
1561 721 1571 735 ,
1606 707 1685 731 cum

143 741 257 776 calidis
276 739 394 775 insulis
416 739 628 786 Archipelagi
646 741 718 785 pari
739 739 849 775 studio
872 740 1076 786 expilassent-
1128 744 1244 785 Qare
1263 768 1273 782 ‚
1301 753 1341 778 ut
1357 744 1368 788 j
1377 743 1439 778 usti
1459 742 1572 783 simus,
1591 743 1686 778 Grae-

143 801 263 823 corum
289 789 444 822 butanica
471 789 591 833 peritia
618 788 667 823 ita
693 800 767 822 non
794 789 943 833 aequavit
969 802 1134 835 nuperam
1163 791 1255 824 illam
1283 791 1485 835 Europaeam
1517 791 1683 836 peritiam,

143 846 183 871 ut
212 837 313 871 etiam
340 848 359 870 a
386 834 609 870 Chinenfium
625 861 636 875 ,
675 835 944 881 Japonenfium‚
988 839 1020 872 &
1049 838 1279 882 Benjanorum
1306 838 1470 873 industria
1497 836 1683 884 superetur.

142 885 267 928 Legere
293 892 407 918 tamen
432 883 528 918 decet
555 882 618 918 hos
646 882 735 928 ipsos
765 884 905 920 Graecos
921 910 931 924 ,
972 885 1066 930 quod
1091 885 1132 920 ab
1155 885 1197 919 iis
1221 884 1431 930 potiffmium
1450 884 1590 933 spetatae
1615 886 1687 923 stit-

142 931 239 977 pium
259 929 434 966 facultates
458 931 499 966 ad
521 943 585 966 nos
608 930 841 966 descenderint
854 957 863 971 ‚
897 945 971 967 non
991 932 1087 968 valde
1109 942 1259 968 mutatae.

658 1030 687 1069 5.
714 1028 751 1064 X
759 1028 794 1063 X
804 1028 841 1063 X
850 1025 910 1063 VI
920 1028 946 1063 I.
999 1029 1175 1074 Euportsta.

237 1113 335 1150 Num
353 1113 523 1161 genuinus
543 1113 627 1149 liber
646 1112 686 1150 fit
700 1140 710 1155 ‚
744 1127 829 1150 num
848 1114 983 1161 spurius
1008 1112 1077 1159 (t)
1089 1140 1098 1155 ‚
1132 1114 1346 1160 disputatur:
1390 1117 1423 1151 &
1443 1115 1485 1151 ad
1502 1115 1600 1152 istam
1616 1114 1689 1152 sen-

142 1162 287 1197 tentiam
313 1163 527 1196 LAmeecms
551 1163 704 1197 inclinat.
770 1164 861 1198 Cum
877 1172 992 1198 tamen
1017 1164 1159 1198 Annus
1185 1164 1217 1198 &
1244 1163 1452 1201 ORIBAsws
1476 1165 1533 1208 (u)
1559 1177 1600 1199 ex
1623 1164 1689 1200 hoc

145 1221 246 1254 opere
276 1210 348 1244 loca
375 1207 569 1252 frequenter
597 1210 799 1249 citaverint,
852 1223 928 1255 quae
961 1211 1198 1246 Dloscolum
1235 1210 1394 1246 tribuunt
1409 1237 1418 1252 ,
1467 1212 1505 1248 C.
1546 1212 1690 1247 GESNR-

145 1267 216 1293 Rus
250 1256 323 1298 (x)
359 1257 390 1290 &
427 1257 647 1292 SARAcenus
686 1257 758 1302 (y)
792 1259 926 1292 malunt
946 1269 1008 1302 pro
1033 1258 1311 1293 Dioscomnms
1336 1257 1468 1294 habere.
1533 1260 1690 1295 Anono-

145 1314 285 1341 MAcHo
307 1302 540 1338 inscribuntur
561 1329 570 1343 ‚
604 1306 636 1338 &
652 1303 840 1339 secundum
858 1314 968 1350 partes
987 1306 1137 1350 corporis
1155 1304 1300 1345 humani
1319 1304 1464 1341 adfeetas
1485 1304 1690 1352 farraginem

144 1349 343 1395 immensam
360 1351 467 1385 citant
485 1350 811 1386 medicamentorum
824 1378 834 1392 ‚
859 1361 934 1387 tum
953 1350 1154 1397 simplicium
1166 1378 1176 1392 ,
1210 1362 1286 1387 tum
1312 1352 1577 1398 compositorum
1589 1379 1598 1394 ,
1620 1353 1690 1390 fere

145 1411 224 1435 curn
243 1397 387 1433 dosibus.
439 1396 593 1432 Pluscula
605 1399 849 1434 medicamenta
863 1398 1024 1445 simplicia
1038 1399 1093 1434 hic
1107 1399 1248 1440 exstant,
1267 1411 1344 1444 quae
1365 1412 1443 1436 cum
1463 1401 1583 1436 iisdem
1601 1412 1690 1438 certe

144 1446 362 1486 nominibus,
388 1446 426 1481 in
446 1445 519 1481 aliis
541 1446 635 1481 libris
657 1459 730 1482 non
750 1456 958 1487 occurrunt,
995 1447 1108 1493 aliqua
1126 1448 1228 1482 etiam
1251 1459 1361 1488 nova,
1387 1457 1428 1483 ut
1448 1447 1623 1485 Moschus.

242 1519 316 1553 Hos
349 1518 597 1554 Euporum-on
630 1520 667 1554 L.
696 1520 741 1554 II.
777 1518 850 1561 (z)
885 1518 960 1562 Joh.
984 1520 1189 1555 Mounmus
1222 1519 1327 1555 latine
1353 1521 1480 1555 vertit.
1530 1521 1692 1557 Graecum

147 1575 282 1604 textum
305 1579 346 1600 ex
370 1566 485 1601 codice
509 1567 747 1604 Avensa-mo
777 1569 816 1603 C.
841 1568 1038 1603 Gesnznus
1065 1565 1218 1608 addidit,
1253 1569 1285 1602 δι
1308 1568 1525 1609 emendavit,
1569 1568 1693 1605 versio-

147 1627 227 1650 nem
239 1615 414 1649 MOIBANI
431 1626 489 1658 per
499 1614 632 1650 obitum
648 1616 794 1654 auctoris
804 1617 1031 1661 interruptam
1041 1614 1199 1661 perfecit:
1225 1616 1406 1661 utriusque
1415 1617 1516 1651 etiam
1525 1617 1691 1653 virinotae

148 1660 361 1701 accesserunt,
377 1658 500 1706 quibus
521 1663 594 1697 loca
608 1664 762 1707 parallela
781 1664 1014 1699 continentur.
1041 1664 1247 1699 Prodierunt
1255 1664 1394 1710 Argent.
1407 1676 1499 1701 anno
1513 1674 1527 1699 1
1537 1666 1692 1709 ς6ς.80.’“ς

149 1712 182 1746 &
202 1722 221 1745 a
246 1710 448 1745 SARAceuo
474 1709 589 1745 recusa
606 1708 687 1745 sunt
709 1723 787 1746 cum
808 1712 987 1747 nonnullis
1009 1710 1078 1747 suis
1099 1710 1247 1747 scholiis.

244 1780 473 1827 Alphabetum
496 1783 695 1828 empiricam
721 1781 744 1817 s.
773 1783 1029 1821 Dmscomms
1057 1786 1089 1819 &
1116 1785 1312 1820 Sumam
1339 1781 1553 1820 Atheniensis
1577 1784 1619 1819 de
1643 1797 1694 1820 re-

148 1829 267 1865 mediis
298 1830 442 1874 expertis
475 1830 601 1865 librum
633 1830 753 1865 ordine
784 1830 996 1876 alphabetico
1029 1831 1194 1877 scriptum
1224 1832 1307 1867 citat
1339 1832 1371 1866 ἃ
1401 1831 1510 1866 edidit
1543 1831 1694 1870 CASPAR

148 1877 278 1914 Wotr
306 1878 362 1920 (a)
385 1877 507 1923 Tiguri
531 1883 632 1923 1581.
655 1883 702 1921 δ’.
755 1879 845 1926 EJus
873 1879 980 1916 codex
1001 1879 1107 1916 exstat
1124 1880 1162 1917 'm
1180 1878 1326 1917 Parisma
1344 1878 1550 1916 bibliot-heca
1576 1880 1644 1923 (b).

1444 1927 1692 1969 §.XXXVHL

189 1970 231 2007 (ᾗ,
250 1970 285 2001 Ιῐ.
310 1980 342 2003 n.
365 1976 452 2009 2287.

190 2012 234 2047 (s)
258 2012 338 2041 DeHa
357 2012 446 2048 viper.
468 2019 498 2049 p.
524 2018 571 2049 23.

191 2051 240 2123 83)
253 2055 407 2120 ΡὋθςιόοςΑΝ.

190 2127 240 2164 (x)
261 2127 296 2156 ln
320 2127 397 2165 praef.
418 2128 445 2157 &
465 2126 496 2157 ia
517 2126 634 2166 epistola
652 2127 690 2159 ad
709 2126 865 2159 Motum
887 2128 1057 2165 editionem.

191 2167 240 2243 g}
262 2167 297 2236 iii
315 2166 410 2237 ffiaefS·
431 2205 532 2238 titulus
548 2211 609 2238 erat
628 2219 682 2248 nuga
702 2211 792 2238 ιπλυ
809 2213 962 2249 φοι-(μιαν.

195 2247 241 2282 (a)
263 2245 426 2278 Buanrrz.

194 2284 243 2324 (b)
264 2284 301 2319 11,
323 2294 352 2316 n.
371 2290 458 2321 2181,
