2138 2854
1638 130 1694 157 vn

151 242 311 318 juvisti
342 259 515 297 tamen
545 239 788 301 confinis,
814 242 867 294 δε
893 241 1499 314 morumpuriffimorum
1529 262 1692 301 exem-

147 371 249 444 plo,
284 370 507 425 divinam
524 385 752 422 mentem
777 368 1047 440 PrincipiS,
1090 369 1172 423 cui
1192 371 1454 424 Britannia
1481 370 1689 426 felicita-

143 515 284 557 tem,
335 496 589 552 universus
625 493 761 549 orbis
806 492 1093 550 libertatem
1134 517 1416 573 pacemque
1446 498 1685 565 debebit,

133 625 230 684 ⁴nist
274 623 408 678 mala
454 622 660 678 consilia
710 640 888 677 contra
940 624 1095 695 EJUS
1147 642 1264 680 vota
1317 625 1680 698 praevaluerint}

138 752 542 827 Magnanimum
566 755 775 824 Regem,
819 749 1017 805 lentum
1038 751 1100 804 ad
1124 750 1324 823 injurias
1349 751 1678 820 ulciscendas,

135 880 290 934 etiam
347 879 403 931 in
441 875 721 932 immeritos
755 877 1072 952 benignum,
1110 898 1282 951 parem
1313 881 1559 952 Majestati
1582 883 1678 935 Im-

129 1007 281 1079 perii,
319 1004 619 1059 indefessum
649 1004 703 1058 in
741 1003 1004 1058 laboribus
1031 1004 1174 1059 saluti
1207 1004 1424 1078 publicae
1462 1007 1678 1063 destina-

129 1134 189 1188 tis
210 1170 228 1192 ,
266 1133 471 1187 surdum
517 1132 582 1186 ad
612 1131 925 1205 voluptates}
964 1133 1180 1187 unicum
1213 1133 1268 1188 in
1299 1132 1423 1187 solio
1457 1133 1673 1196 fincerae,

128 1260 316 1334 absque
347 1258 693 1330 superstitione
719 1298 731 1316 ‚
771 1258 968 1330 pietatis
996 1258 1308 1338 eigemplum,
1350 1263 1550 1336 quoties
1589 1283 1674 1318 ve-

123 1404 396 1450 neramur,
447 1403 558 1439 non
605 1383 767 1456 pote-st
808 1384 1049 1439 omnium
1088 1384 1216 1439 boni
1246 1388 1451 1459 verique
1483 1389 1670 1461 studio-

120 1516 291 1569 sorum
349 1510 691 1566 recordationi
739 1509 910 1576 elabi,
967 1514 1108 1584 cujus
1158 1531 1214 1566 ex
1250 1512 1505 1569 manubus
1547 1485 1666 1574 eum

118 1641 407 1713 Principem
449 1640 804 1712 acceperimus.
892 1641 1082 1715 Neque
1112 1640 1268 1695 deerit
1304 1640 1477 1697 officio
1506 1646 1665 1716 poste.

117 1769 229 1824 ritas
251 1807 269 1828 ,
320 1767 470 1822 etiam
510 1767 564 1819 in
598 1785 656 1821 ea
692 1767 900 1841 regione
929 1807 942 1826 ,
984 1787 1141 1842 quam
1179 1768 1374 1839 injustae
1403 1770 1677 1827 declama*

114 1897 278 1951 tiones
316 1893 670 1955 inflammant,
710 1913 1010 1968 nomenque
1046 1877 1226 1949 'Tuum
1282 1915 1401 1951 cum
1442 1897 1656 1957 GEOR-

115 2025 213 2078 G11
245 2025 319 2078 111.
358 2022 495 2078 sacro
533 2023 748 2077 nomine
783 2038 924 2098 grata
956 2022 1250 2098 conjunget.

1516 2269 1653 2325 Mihi
